exec_date,id,side,price,size,buy_child_order_acceptance_id,sell_child_order_acceptance_id
2019-02-04T03:00:00.017,785249417,SELL,369499,0.22,JRF20190204-025959-447562,JRF20190204-025959-297223
2019-02-04T03:00:00.08,785249419,SELL,369499,0.04,JRF20190204-025959-447562,JRF20190204-025959-321148
2019-02-04T03:00:00.08,785249418,SELL,369499,0.0675,JRF20190204-025959-447562,JRF20190204-025959-639984
2019-02-04T03:00:00.11,785249420,SELL,369499,0.07598074,JRF20190204-025959-447562,JRF20190204-025959-639986
2019-02-04T03:00:00.127,785249421,SELL,369499,0.05,JRF20190204-025959-447562,JRF20190204-025959-599582
2019-02-04T03:00:00.237,785249422,SELL,369499,0.24,JRF20190204-025959-447562,JRF20190204-030000-388769
2019-02-04T03:00:00.25,785249423,SELL,369499,0.015,JRF20190204-025959-447562,JRF20190204-030000-297228
2019-02-04T03:00:00.283,785249424,SELL,369499,0.01,JRF20190204-025959-447562,JRF20190204-030000-447566
2019-02-04T03:00:00.33,785249425,SELL,369499,0.24,JRF20190204-025959-447562,JRF20190204-030000-024514
2019-02-04T03:00:00.423,785249426,BUY,369500,0.02,JRF20190204-030000-639990,JRF20190204-025956-599551
2019-02-04T03:00:00.44,785249427,SELL,369499,0.1565,JRF20190204-025959-447562,JRF20190204-030000-388773
2019-02-04T03:00:00.61,785249428,SELL,369499,0.34600000000000003,JRF20190204-025959-447562,JRF20190204-030000-671593
2019-02-04T03:00:00.643,785249429,BUY,369500,0.1,JRF20190204-025958-628350,JRF20190204-025956-570186
2019-02-04T03:00:00.673,785249430,BUY,369500,0.03601202,JRF20190204-025959-628758,JRF20190204-025956-570186
2019-02-04T03:00:00.893,785249431,SELL,369500,0.01,JRF20190204-025959-628758,JRF20190204-030000-628962
2019-02-04T03:00:00.987,785249433,SELL,369500,0.04601202,JRF20190204-025959-628831,JRF20190204-030000-599596
2019-02-04T03:00:00.987,785249432,SELL,369500,0.15398798,JRF20190204-025959-628758,JRF20190204-030000-599596
2019-02-04T03:00:01.017,785249434,BUY,369501,0.04,JRF20190204-030000-570204,JRF20190204-025956-013484
2019-02-04T03:00:01.033,785249435,SELL,369500,0.01,JRF20190204-025959-628831,JRF20190204-030000-629104
2019-02-04T03:00:01.19,785249437,SELL,369500,0.01,JRF20190204-025959-628831,JRF20190204-030001-024528
2019-02-04T03:00:01.19,785249436,SELL,369500,0.01,JRF20190204-025959-628831,JRF20190204-030001-599599
2019-02-04T03:00:01.313,785249438,SELL,369500,0.01,JRF20190204-025959-628831,JRF20190204-030001-297239
2019-02-04T03:00:01.36,785249439,SELL,369500,0.01,JRF20190204-025959-628831,JRF20190204-030001-297240
2019-02-04T03:00:01.377,785249441,SELL,369500,0.016012020000000002,JRF20190204-030000-599594,JRF20190204-030001-671597
2019-02-04T03:00:01.377,785249440,SELL,369500,0.00398798,JRF20190204-025959-628831,JRF20190204-030001-671597
2019-02-04T03:00:01.5,785249442,BUY,369501,0.01,JRF20190204-030001-388781,JRF20190204-025956-013484
2019-02-04T03:00:02.017,785249443,BUY,369501,0.01,JRF20190204-030001-746739,JRF20190204-025956-013484
2019-02-04T03:00:02.343,785249444,BUY,369501,0.22398798,JRF20190204-030002-599611,JRF20190204-025956-013484
2019-02-04T03:00:02.36,785249445,SELL,369500,0.02,JRF20190204-030000-704879,JRF20190204-030002-388796
2019-02-04T03:00:02.563,785249458,BUY,369515,0.2,JRF20190204-030002-125096,JRF20190204-030002-125091
2019-02-04T03:00:02.563,785249457,BUY,369514,0.015,JRF20190204-030002-125096,JRF20190204-025849-606548
2019-02-04T03:00:02.563,785249456,BUY,369509,0.704028,JRF20190204-030002-125096,JRF20190204-025952-570171
2019-02-04T03:00:02.563,785249455,BUY,369508,0.04,JRF20190204-030002-125096,JRF20190204-025953-626780
2019-02-04T03:00:02.563,785249454,BUY,369507,0.19,JRF20190204-030002-125096,JRF20190204-025956-639960
2019-02-04T03:00:02.563,785249453,BUY,369507,0.15415604,JRF20190204-030002-125096,JRF20190204-025955-639947
2019-02-04T03:00:02.563,785249452,BUY,369505,0.09999000000000001,JRF20190204-030002-125096,JRF20190204-025955-599527
2019-02-04T03:00:02.563,785249451,BUY,369504,0.06,JRF20190204-030002-125096,JRF20190204-030001-097519
2019-02-04T03:00:02.563,785249450,BUY,369504,0.12,JRF20190204-030002-125096,JRF20190204-025956-639951
2019-02-04T03:00:02.563,785249449,BUY,369504,0.07598074,JRF20190204-030002-125096,JRF20190204-025955-639946
2019-02-04T03:00:02.563,785249448,BUY,369502,0.01327112,JRF20190204-030002-125096,JRF20190204-025958-639974
2019-02-04T03:00:02.563,785249447,BUY,369501,0.02,JRF20190204-030002-125096,JRF20190204-030000-321152
2019-02-04T03:00:02.563,785249446,BUY,369501,0.71601202,JRF20190204-030002-125096,JRF20190204-025956-013484
2019-02-04T03:00:02.58,785249463,BUY,369520,0.08856208,JRF20190204-030002-125096,JRF20190204-025955-627142
2019-02-04T03:00:02.58,785249462,BUY,369519,0.19,JRF20190204-030002-125096,JRF20190204-030000-570203
2019-02-04T03:00:02.58,785249461,BUY,369517,0.0675,JRF20190204-030002-125096,JRF20190204-025959-097514
2019-02-04T03:00:02.58,785249460,BUY,369516,0.0145,JRF20190204-030002-125096,JRF20190204-025814-592462
2019-02-04T03:00:02.58,785249459,BUY,369516,0.02,JRF20190204-030002-125096,JRF20190204-025956-125020
2019-02-04T03:00:02.61,785249465,SELL,369500,0.009000000000000001,JRF20190204-030000-024526,JRF20190204-030002-746747
2019-02-04T03:00:02.61,785249464,SELL,369500,0.001,JRF20190204-030000-704879,JRF20190204-030002-746747
2019-02-04T03:00:02.64,785249466,SELL,369500,0.02,JRF20190204-030000-024526,JRF20190204-030002-125098
2019-02-04T03:00:02.83,785249468,SELL,369482,0.03799037,JRF20190204-025959-639983,JRF20190204-030002-024544
2019-02-04T03:00:02.83,785249467,SELL,369500,0.031,JRF20190204-030000-024526,JRF20190204-030002-024544
2019-02-04T03:00:02.843,785249470,SELL,369481,1.81100963,JRF20190204-030001-108341,JRF20190204-030002-024544
2019-02-04T03:00:02.843,785249469,SELL,369481,0.12,JRF20190204-025959-639982,JRF20190204-030002-024544
2019-02-04T03:00:02.953,785249471,SELL,369481,0.01,JRF20190204-030001-108341,JRF20190204-030002-297257
2019-02-04T03:00:03.047,785249472,BUY,369512,0.01,JRF20190204-025957-627892,JRF20190204-030002-125097
2019-02-04T03:00:03.08,785249475,BUY,369509,0.03370941,JRF20190204-030002-746751,JRF20190204-030002-599621
2019-02-04T03:00:03.08,785249474,SELL,369513,0.057418830000000004,JRF20190204-030002-297258,JRF20190204-030002-599621
2019-02-04T03:00:03.08,785249473,SELL,369516,0.04,JRF20190204-025957-627892,JRF20190204-030002-599621
2019-02-04T03:00:03.173,785249477,SELL,369507,0.075,JRF20190204-030002-296503,JRF20190204-030003-321157
2019-02-04T03:00:03.173,785249476,SELL,369508,0.025,JRF20190204-030002-024545,JRF20190204-030003-321157
2019-02-04T03:00:03.19,785249479,SELL,369507,0.025,JRF20190204-030002-640001,JRF20190204-030003-297260
2019-02-04T03:00:03.19,785249478,SELL,369507,0.025,JRF20190204-030002-296503,JRF20190204-030003-297260
2019-02-04T03:00:03.237,785249480,SELL,369507,0.025,JRF20190204-030002-640001,JRF20190204-030003-704885
2019-02-04T03:00:03.25,785249481,SELL,369505,0.03353282,JRF20190204-030002-640003,JRF20190204-030003-570214
2019-02-04T03:00:03.297,785249483,BUY,369507,0.5,JRF20190204-030003-482513,JRF20190204-030003-570212
2019-02-04T03:00:03.297,785249482,BUY,369507,0.075,JRF20190204-030003-482513,JRF20190204-030003-704885
2019-02-04T03:00:03.313,785249494,BUY,369516,0.05,JRF20190204-030003-482513,JRF20190204-030003-640007
2019-02-04T03:00:03.313,785249493,BUY,369516,0.03799037,JRF20190204-030003-482513,JRF20190204-030003-640009
2019-02-04T03:00:03.313,785249492,BUY,369516,0.03,JRF20190204-030003-482513,JRF20190204-030003-125104
2019-02-04T03:00:03.313,785249491,BUY,369514,0.1,JRF20190204-030003-482513,JRF20190204-030003-704882
2019-02-04T03:00:03.313,785249490,BUY,369513,0.05,JRF20190204-030003-482513,JRF20190204-030003-704883
2019-02-04T03:00:03.313,785249489,BUY,369513,0.1,JRF20190204-030003-482513,JRF20190204-030003-640008
2019-02-04T03:00:03.313,785249488,BUY,369513,0.1,JRF20190204-030003-482513,JRF20190204-030003-108347
2019-02-04T03:00:03.313,785249487,BUY,369513,0.05,JRF20190204-030003-482513,JRF20190204-030003-570211
2019-02-04T03:00:03.313,785249486,BUY,369510,0.05,JRF20190204-030003-482513,JRF20190204-030003-704884
2019-02-04T03:00:03.313,785249485,BUY,369509,0.06687176,JRF20190204-030003-482513,JRF20190204-030002-599621
2019-02-04T03:00:03.313,785249484,BUY,369508,0.03,JRF20190204-030003-482513,JRF20190204-030003-482512
2019-02-04T03:00:03.33,785249495,SELL,369505,0.01,JRF20190204-030002-640003,JRF20190204-030003-671617
2019-02-04T03:00:03.343,785249498,BUY,369515,0.05,JRF20190204-030003-296511,JRF20190204-030003-296508
2019-02-04T03:00:03.343,785249497,BUY,369506,0.1,JRF20190204-030003-296511,JRF20190204-030003-296509
2019-02-04T03:00:03.343,785249496,BUY,369506,0.05,JRF20190204-030003-296511,JRF20190204-030003-296507
2019-02-04T03:00:03.487,785249500,BUY,369512,0.09,JRF20190204-030003-108351,JRF20190204-030003-640011
2019-02-04T03:00:03.487,785249499,BUY,369512,0.01,JRF20190204-030003-108351,JRF20190204-030003-108350
2019-02-04T03:00:03.517,785249502,SELL,369504,0.013532820000000001,JRF20190204-030002-640002,JRF20190204-030003-097525
2019-02-04T03:00:03.517,785249501,SELL,369505,0.00646718,JRF20190204-030002-640003,JRF20190204-030003-097525
2019-02-04T03:00:03.533,785249503,BUY,369512,0.01,JRF20190204-030003-024550,JRF20190204-030003-640011
2019-02-04T03:00:03.657,785249504,SELL,369511,0.1,JRF20190204-030003-704887,JRF20190204-030003-704888
2019-02-04T03:00:03.89,785249506,SELL,369508,0.035,JRF20190204-030003-297265,JRF20190204-030003-125117
2019-02-04T03:00:03.89,785249505,SELL,369510,0.025,JRF20190204-030003-297264,JRF20190204-030003-125117
2019-02-04T03:00:03.907,785249507,SELL,369508,0.1,JRF20190204-030003-297265,JRF20190204-030003-297268
2019-02-04T03:00:03.953,785249508,SELL,369508,0.02,JRF20190204-030003-297265,JRF20190204-030003-746760
2019-02-04T03:00:04.203,785249509,BUY,369511,0.02,JRF20190204-030003-640018,JRF20190204-030003-108354
2019-02-04T03:00:04.22,785249510,BUY,369511,0.45,JRF20190204-030004-108355,JRF20190204-030003-108354
2019-02-04T03:00:04.25,785249511,SELL,369508,0.0130136,JRF20190204-030003-297265,JRF20190204-030004-447605
2019-02-04T03:00:04.283,785249512,SELL,369508,0.1,JRF20190204-030003-297265,JRF20190204-030004-640019
2019-02-04T03:00:04.313,785249513,BUY,369510,0.02,JRF20190204-030004-704891,JRF20190204-030004-125119
2019-02-04T03:00:04.39,785249517,SELL,369506,0.13401926,JRF20190204-030003-297266,JRF20190204-030004-704893
2019-02-04T03:00:04.39,785249516,SELL,369507,0.24,JRF20190204-030003-746758,JRF20190204-030004-704893
2019-02-04T03:00:04.39,785249515,SELL,369507,0.07598074,JRF20190204-030003-704889,JRF20190204-030004-704893
2019-02-04T03:00:04.547,785249519,BUY,369508,0.01,JRF20190204-030004-388815,JRF20190204-030004-296521
2019-02-04T03:00:04.593,785249526,BUY,369521,0.01,JRF20190204-030004-570216,JRF20190204-030000-024513
2019-02-04T03:00:04.593,785249525,BUY,369520,0.01143792,JRF20190204-030004-570216,JRF20190204-025955-627142
2019-02-04T03:00:04.593,785249524,BUY,369518,0.04,JRF20190204-030004-570216,JRF20190204-030003-097524
2019-02-04T03:00:04.593,785249523,BUY,369517,0.02,JRF20190204-030004-570216,JRF20190204-030004-671635
2019-02-04T03:00:04.593,785249522,BUY,369512,0.01,JRF20190204-030004-570216,JRF20190204-030004-108356
2019-02-04T03:00:04.593,785249521,BUY,369512,0.03601202,JRF20190204-030004-570216,JRF20190204-030003-640011
2019-02-04T03:00:04.593,785249520,BUY,369508,0.36163899,JRF20190204-030004-570216,JRF20190204-030004-296521
2019-02-04T03:00:04.737,785249527,SELL,369521,0.01,JRF20190204-030004-570216,JRF20190204-030004-599640
2019-02-04T03:00:04.75,785249529,SELL,369511,0.74908893,JRF20190204-030004-097527,JRF20190204-030004-013523
2019-02-04T03:00:04.75,785249528,SELL,369521,0.25091107,JRF20190204-030004-570216,JRF20190204-030004-013523
2019-02-04T03:00:04.923,785249530,SELL,369512,0.02,JRF20190204-030004-447611,JRF20190204-030004-671645
2019-02-04T03:00:04.987,785249531,SELL,369522,0.025,JRF20190204-030004-097531,JRF20190204-030004-447614
2019-02-04T03:00:05.127,785249532,SELL,369522,0.03799037,JRF20190204-030004-097531,JRF20190204-030004-640026
2019-02-04T03:00:05.19,785249533,BUY,369524,0.01,JRF20190204-030000-629121,JRF20190204-025955-321124
2019-02-04T03:00:05.313,785249534,SELL,369522,0.1,JRF20190204-030004-097531,JRF20190204-030005-447615
2019-02-04T03:00:05.343,785249539,BUY,369524,0.01,JRF20190204-030005-671650,JRF20190204-025956-627739
2019-02-04T03:00:05.343,785249538,BUY,369524,0.01,JRF20190204-030005-671650,JRF20190204-025956-627648
2019-02-04T03:00:05.343,785249537,BUY,369524,0.01,JRF20190204-030005-671650,JRF20190204-025956-627513
2019-02-04T03:00:05.343,785249536,BUY,369524,0.01,JRF20190204-030005-671650,JRF20190204-025955-627246
2019-02-04T03:00:05.343,785249535,BUY,369524,0.01,JRF20190204-030005-671650,JRF20190204-025955-627093
2019-02-04T03:00:05.44,785249547,BUY,369525,0.03,JRF20190204-030005-640028,JRF20190204-030003-296513
2019-02-04T03:00:05.44,785249546,BUY,369525,0.01,JRF20190204-030005-640028,JRF20190204-025956-627451
2019-02-04T03:00:05.44,785249545,BUY,369525,0.01,JRF20190204-030005-640028,JRF20190204-025956-627398
2019-02-04T03:00:05.44,785249544,BUY,369525,0.01,JRF20190204-030005-640028,JRF20190204-025955-627304
2019-02-04T03:00:05.44,785249543,BUY,369525,0.01,JRF20190204-030005-640028,JRF20190204-025955-627216
2019-02-04T03:00:05.44,785249542,BUY,369525,0.01,JRF20190204-030005-640028,JRF20190204-025955-627188
2019-02-04T03:00:05.44,785249541,BUY,369525,0.01,JRF20190204-030005-640028,JRF20190204-025955-627127
2019-02-04T03:00:05.44,785249540,BUY,369525,0.01,JRF20190204-030005-640028,JRF20190204-025955-626981
2019-02-04T03:00:05.547,785249550,BUY,369526,0.051000000000000004,JRF20190204-030005-482519,JRF20190204-025957-570193
2019-02-04T03:00:05.547,785249549,BUY,369526,0.019,JRF20190204-030005-482519,JRF20190204-025912-612492
2019-02-04T03:00:05.547,785249548,BUY,369525,0.03,JRF20190204-030005-482519,JRF20190204-030003-296513
2019-02-04T03:00:05.797,785249551,SELL,369522,0.12,JRF20190204-030004-097531,JRF20190204-030005-630833
2019-02-04T03:00:05.83,785249553,BUY,369522,0.05,JRF20190204-025957-628092,JRF20190204-030005-296528
2019-02-04T03:00:05.843,785249554,BUY,369522,0.23603998,JRF20190204-030005-640029,JRF20190204-030005-296528
2019-02-04T03:00:05.89,785249555,BUY,369526,0.01,JRF20190204-025958-628555,JRF20190204-025957-570193
2019-02-04T03:00:05.907,785249556,BUY,369526,0.01,JRF20190204-025959-628644,JRF20190204-025957-570193
2019-02-04T03:00:05.94,785249561,SELL,369516,0.29603998,JRF20190204-030004-097530,JRF20190204-030005-746772
2019-02-04T03:00:05.94,785249560,SELL,369517,0.02,JRF20190204-030004-321167,JRF20190204-030005-746772
2019-02-04T03:00:05.94,785249559,SELL,369519,0.01,JRF20190204-030005-125131,JRF20190204-030005-746772
2019-02-04T03:00:05.94,785249558,SELL,369519,0.01,JRF20190204-030005-447617,JRF20190204-030005-746772
2019-02-04T03:00:05.94,785249557,SELL,369523,0.01396002,JRF20190204-030005-640029,JRF20190204-030005-746772
2019-02-04T03:00:05.97,785249562,BUY,369526,0.01,JRF20190204-030005-671653,JRF20190204-025957-570193
2019-02-04T03:00:06,785249591,BUY,369529,0.09630000000000001,JRF20190204-030005-570221,JRF20190204-030004-671634
2019-02-04T03:00:06,785249590,BUY,369529,0.1,JRF20190204-030005-570221,JRF20190204-025959-388764
2019-02-04T03:00:06,785249589,BUY,369528,0.01,JRF20190204-030005-570221,JRF20190204-030003-630362
2019-02-04T03:00:06,785249588,BUY,369528,0.01,JRF20190204-030005-570221,JRF20190204-030002-630273
2019-02-04T03:00:06,785249587,BUY,369528,0.01,JRF20190204-030005-570221,JRF20190204-030002-630123
2019-02-04T03:00:06,785249586,BUY,369528,0.01,JRF20190204-030005-570221,JRF20190204-030002-629923
2019-02-04T03:00:06,785249585,BUY,369528,0.01,JRF20190204-030005-570221,JRF20190204-030002-629866
2019-02-04T03:00:06,785249584,BUY,369528,0.01,JRF20190204-030005-570221,JRF20190204-030002-629706
2019-02-04T03:00:06,785249583,BUY,369528,0.01,JRF20190204-030005-570221,JRF20190204-025950-626159
2019-02-04T03:00:06,785249582,BUY,369528,0.01,JRF20190204-030005-570221,JRF20190204-025950-626120
2019-02-04T03:00:06,785249581,BUY,369528,0.01,JRF20190204-030005-570221,JRF20190204-025950-626067
2019-02-04T03:00:06,785249580,BUY,369528,0.01,JRF20190204-030005-570221,JRF20190204-025950-626006
2019-02-04T03:00:06,785249579,BUY,369528,0.01,JRF20190204-030005-570221,JRF20190204-025950-625939
2019-02-04T03:00:06,785249578,BUY,369528,0.01,JRF20190204-030005-570221,JRF20190204-025950-625799
2019-02-04T03:00:06,785249577,BUY,369527,0.01,JRF20190204-030005-570221,JRF20190204-030003-630421
2019-02-04T03:00:06,785249576,BUY,369527,0.01,JRF20190204-030005-570221,JRF20190204-030002-630307
2019-02-04T03:00:06,785249575,BUY,369527,0.01,JRF20190204-030005-570221,JRF20190204-030002-630182
2019-02-04T03:00:06,785249574,BUY,369527,0.01,JRF20190204-030005-570221,JRF20190204-030002-630047
2019-02-04T03:00:06,785249573,BUY,369527,0.01,JRF20190204-030005-570221,JRF20190204-030002-629985
2019-02-04T03:00:06,785249572,BUY,369527,0.01,JRF20190204-030005-570221,JRF20190204-030002-629783
2019-02-04T03:00:06,785249571,BUY,369527,0.1847,JRF20190204-030005-570221,JRF20190204-030001-746727
2019-02-04T03:00:06,785249570,BUY,369527,0.1,JRF20190204-030005-570221,JRF20190204-025958-296489
2019-02-04T03:00:06,785249569,BUY,369527,0.01,JRF20190204-030005-570221,JRF20190204-025951-626238
2019-02-04T03:00:06,785249568,BUY,369527,0.01,JRF20190204-030005-570221,JRF20190204-025950-626206
2019-02-04T03:00:06,785249567,BUY,369527,0.01,JRF20190204-030005-570221,JRF20190204-025950-625906
2019-02-04T03:00:06,785249566,BUY,369527,0.01,JRF20190204-030005-570221,JRF20190204-025950-625847
2019-02-04T03:00:06,785249565,BUY,369527,0.01,JRF20190204-030005-570221,JRF20190204-025949-625707
2019-02-04T03:00:06,785249564,BUY,369527,0.01,JRF20190204-030005-570221,JRF20190204-025951-626342
2019-02-04T03:00:06,785249563,BUY,369526,0.019,JRF20190204-030005-570221,JRF20190204-025957-570193
2019-02-04T03:00:06.08,785249600,BUY,369539,0.1597,JRF20190204-030005-570222,JRF20190204-030004-388822
2019-02-04T03:00:06.08,785249599,BUY,369539,0.03,JRF20190204-030005-570222,JRF20190204-030003-125112
2019-02-04T03:00:06.08,785249598,BUY,369539,0.01,JRF20190204-030005-570222,JRF20190204-030001-125078
2019-02-04T03:00:06.08,785249597,BUY,369539,0.05,JRF20190204-030005-570222,JRF20190204-025959-388763
2019-02-04T03:00:06.08,785249596,BUY,369537,0.0166,JRF20190204-030005-570222,JRF20190204-025938-622476
2019-02-04T03:00:06.08,785249595,BUY,369531,0.1,JRF20190204-030005-570222,JRF20190204-030000-125071
2019-02-04T03:00:06.08,785249594,BUY,369530,0.1,JRF20190204-030005-570222,JRF20190204-025958-570196
2019-02-04T03:00:06.08,785249593,BUY,369530,0.03,JRF20190204-030005-570222,JRF20190204-025956-125033
2019-02-04T03:00:06.08,785249592,BUY,369529,0.0037,JRF20190204-030005-570222,JRF20190204-030004-671634
2019-02-04T03:00:06.11,785249601,BUY,369539,0.01,JRF20190204-030005-125133,JRF20190204-030004-388822
2019-02-04T03:00:06.14,785249602,SELL,369516,0.01,JRF20190204-030004-097530,JRF20190204-030005-125134
2019-02-04T03:00:06.283,785249609,BUY,369543,0.03310963,JRF20190204-030006-746779,JRF20190204-030002-599622
2019-02-04T03:00:06.283,785249608,BUY,369542,0.02,JRF20190204-030006-746779,JRF20190204-030004-024566
2019-02-04T03:00:06.283,785249607,BUY,369542,0.15,JRF20190204-030006-746779,JRF20190204-025957-746692
2019-02-04T03:00:06.283,785249606,BUY,369540,0.03,JRF20190204-030006-746779,JRF20190204-025957-388747
2019-02-04T03:00:06.283,785249605,BUY,369540,0.0886,JRF20190204-030006-746779,JRF20190204-025952-599511
2019-02-04T03:00:06.283,785249604,BUY,369539,0.0303,JRF20190204-030006-746779,JRF20190204-030004-388822
2019-02-04T03:00:06.283,785249603,BUY,369524,0.03799037,JRF20190204-030006-746779,JRF20190204-030006-640031
2019-02-04T03:00:06.297,785249610,SELL,369520,0.3646886,JRF20190204-030005-296529,JRF20190204-030006-570224
2019-02-04T03:00:06.58,785249617,SELL,369513,0.015,JRF20190204-030004-746770,JRF20190204-030006-388837
2019-02-04T03:00:06.58,785249616,SELL,369514,0.15,JRF20190204-030005-599649,JRF20190204-030006-388837
2019-02-04T03:00:06.58,785249615,SELL,369514,0.2,JRF20190204-030005-599641,JRF20190204-030006-388837
2019-02-04T03:00:06.58,785249614,SELL,369516,0.14396002,JRF20190204-030004-097530,JRF20190204-030006-388837
2019-02-04T03:00:06.58,785249613,SELL,369517,0.04,JRF20190204-030006-321170,JRF20190204-030006-388837
2019-02-04T03:00:06.58,785249612,SELL,369517,0.5,JRF20190204-030006-570223,JRF20190204-030006-388837
2019-02-04T03:00:06.593,785249623,SELL,369506,0.22012891,JRF20190204-030003-024555,JRF20190204-030006-388837
2019-02-04T03:00:06.593,785249622,SELL,369507,0.01,JRF20190204-030004-640025,JRF20190204-030006-388837
2019-02-04T03:00:06.593,785249621,SELL,369507,0.06,JRF20190204-030004-097528,JRF20190204-030006-388837
2019-02-04T03:00:06.593,785249620,SELL,369510,0.12,JRF20190204-030006-296531,JRF20190204-030006-388837
2019-02-04T03:00:06.593,785249619,SELL,369511,0.51091107,JRF20190204-030004-097527,JRF20190204-030006-388837
2019-02-04T03:00:06.593,785249618,SELL,369512,0.03,JRF20190204-030004-447611,JRF20190204-030006-388837
2019-02-04T03:00:06.64,785249624,BUY,369543,0.01,JRF20190204-025957-628166,JRF20190204-030002-599622
2019-02-04T03:00:06.657,785249625,BUY,369543,0.01,JRF20190204-030000-628988,JRF20190204-030002-599622
2019-02-04T03:00:06.97,785249628,BUY,369547,0.00310963,JRF20190204-030006-599664,JRF20190204-030005-482518
2019-02-04T03:00:06.97,785249627,BUY,369546,0.01,JRF20190204-030006-599664,JRF20190204-025951-626542
2019-02-04T03:00:06.97,785249626,BUY,369543,0.00689037,JRF20190204-030006-599664,JRF20190204-030002-599622
2019-02-04T03:00:06.987,785249629,SELL,369531,0.1,JRF20190204-030006-599662,JRF20190204-030006-704900
2019-02-04T03:00:07.017,785249630,SELL,369531,0.05,JRF20190204-030006-599662,JRF20190204-030006-321171
2019-02-04T03:00:07.047,785249631,SELL,369526,0.1,JRF20190204-030006-570226,JRF20190204-030006-108373
2019-02-04T03:00:07.08,785249632,BUY,369530,0.05,JRF20190204-030006-630934,JRF20190204-030006-599665
2019-02-04T03:00:07.173,785249633,SELL,369526,0.02,JRF20190204-030006-108366,JRF20190204-030006-125144
2019-02-04T03:00:07.22,785249634,BUY,369533,0.05,JRF20190204-030007-321174,JRF20190204-030006-482528
2019-02-04T03:00:07.297,785249639,SELL,369526,0.02816956,JRF20190204-030006-108367,JRF20190204-030007-097547
2019-02-04T03:00:07.297,785249638,SELL,369526,0.03,JRF20190204-030006-108366,JRF20190204-030007-097547
2019-02-04T03:00:07.297,785249637,SELL,369530,0.1,JRF20190204-030007-482530,JRF20190204-030007-097547
2019-02-04T03:00:07.297,785249636,SELL,369532,0.1,JRF20190204-030007-321175,JRF20190204-030007-097547
2019-02-04T03:00:07.297,785249635,SELL,369534,0.35000000000000003,JRF20190204-030007-321174,JRF20190204-030007-097547
2019-02-04T03:00:07.33,785249640,BUY,369535,0.02,JRF20190204-030007-599668,JRF20190204-030006-447631
2019-02-04T03:00:07.343,785249641,SELL,369524,0.01,JRF20190204-030006-108365,JRF20190204-030007-447636
2019-02-04T03:00:07.797,785249643,BUY,369535,0.06200963,JRF20190204-030007-296546,JRF20190204-030006-447631
2019-02-04T03:00:07.797,785249642,BUY,369533,0.03799037,JRF20190204-030007-296546,JRF20190204-030007-640050
2019-02-04T03:00:07.813,785249644,SELL,369531,0.05,JRF20190204-030007-097551,JRF20190204-030007-599673
2019-02-04T03:00:07.83,785249645,BUY,369535,0.01,JRF20190204-030007-297301,JRF20190204-030006-447631
2019-02-04T03:00:07.843,785249648,BUY,369536,0.09200963,JRF20190204-030007-125156,JRF20190204-030006-570228
2019-02-04T03:00:07.843,785249647,BUY,369536,0.05,JRF20190204-030007-125156,JRF20190204-030006-108374
2019-02-04T03:00:07.843,785249646,BUY,369535,0.09799037000000001,JRF20190204-030007-125156,JRF20190204-030006-447631
2019-02-04T03:00:08.093,785249650,SELL,369524,0.01,JRF20190204-030007-024601,JRF20190204-030007-125160
2019-02-04T03:00:08.093,785249649,SELL,369531,0.01,JRF20190204-030007-097551,JRF20190204-030007-125160
2019-02-04T03:00:08.267,785249651,BUY,369529,0.01,JRF20190204-030008-704907,JRF20190204-030007-108382
2019-02-04T03:00:08.987,785249663,SELL,369514,0.06800601,JRF20190204-030007-640047,JRF20190204-030008-297314
2019-02-04T03:00:08.987,785249662,SELL,369518,0.07598074,JRF20190204-030006-640036,JRF20190204-030008-297314
2019-02-04T03:00:08.987,785249661,SELL,369519,0.01,JRF20190204-030007-388850,JRF20190204-030008-297314
2019-02-04T03:00:08.987,785249660,SELL,369519,0.01,JRF20190204-030007-297300,JRF20190204-030008-297314
2019-02-04T03:00:08.987,785249659,SELL,369520,0.025,JRF20190204-030007-024595,JRF20190204-030008-297314
2019-02-04T03:00:08.987,785249658,SELL,369520,0.05,JRF20190204-030007-640043,JRF20190204-030008-297314
2019-02-04T03:00:08.987,785249657,SELL,369521,0.05,JRF20190204-030007-321180,JRF20190204-030008-297314
2019-02-04T03:00:08.987,785249656,SELL,369522,0.12,JRF20190204-030007-640045,JRF20190204-030008-297314
2019-02-04T03:00:08.987,785249655,SELL,369523,0.25,JRF20190204-030007-321178,JRF20190204-030008-297314
2019-02-04T03:00:08.987,785249654,SELL,369523,0.2,JRF20190204-030006-599663,JRF20190204-030008-297314
2019-02-04T03:00:08.987,785249653,SELL,369523,0.05,JRF20190204-030006-630918,JRF20190204-030008-297314
2019-02-04T03:00:08.987,785249652,SELL,369524,0.011520520000000001,JRF20190204-030007-024601,JRF20190204-030008-297314
2019-02-04T03:00:09,785249685,SELL,369481,1.17899037,JRF20190204-030001-108341,JRF20190204-030008-297314
2019-02-04T03:00:09,785249684,SELL,369482,0.1,JRF20190204-030008-746800,JRF20190204-030008-297314
2019-02-04T03:00:09,785249683,SELL,369482,0.17,JRF20190204-030008-570234,JRF20190204-030008-297314
2019-02-04T03:00:09,785249682,SELL,369482,0.17411847,JRF20190204-030005-746775,JRF20190204-030008-297314
2019-02-04T03:00:09,785249681,SELL,369482,0.17,JRF20190204-030005-640030,JRF20190204-030008-297314
2019-02-04T03:00:09,785249680,SELL,369483,0.1,JRF20190204-030006-388841,JRF20190204-030008-297314
2019-02-04T03:00:09,785249679,SELL,369484,0.27,JRF20190204-030004-704894,JRF20190204-030008-297314
2019-02-04T03:00:09,785249678,SELL,369488,0.17411847,JRF20190204-030006-746778,JRF20190204-030008-297314
2019-02-04T03:00:09,785249677,SELL,369498,0.04,JRF20190204-025953-626794,JRF20190204-030008-297314
2019-02-04T03:00:09,785249676,SELL,369506,0.77119181,JRF20190204-030003-599627,JRF20190204-030008-297314
2019-02-04T03:00:09,785249675,SELL,369506,0.5510629,JRF20190204-030003-024555,JRF20190204-030008-297314
2019-02-04T03:00:09,785249674,SELL,369507,0.06,JRF20190204-030008-482536,JRF20190204-030008-297314
2019-02-04T03:00:09,785249673,SELL,369507,0.15415604,JRF20190204-030007-570231,JRF20190204-030008-297314
2019-02-04T03:00:09,785249672,SELL,369508,0.01,JRF20190204-030007-108381,JRF20190204-030008-297314
2019-02-04T03:00:09,785249671,SELL,369508,0.04,JRF20190204-030007-321176,JRF20190204-030008-297314
2019-02-04T03:00:09,785249670,SELL,369510,0.07598074,JRF20190204-030007-640049,JRF20190204-030008-297314
2019-02-04T03:00:09,785249669,SELL,369510,0.185,JRF20190204-030007-097546,JRF20190204-030008-297314
2019-02-04T03:00:09,785249668,SELL,369512,0.01,JRF20190204-030008-388863,JRF20190204-030008-297314
2019-02-04T03:00:09,785249667,SELL,369512,0.01,JRF20190204-030008-447644,JRF20190204-030008-297314
2019-02-04T03:00:09,785249666,SELL,369512,0.0886,JRF20190204-030006-746786,JRF20190204-030008-297314
2019-02-04T03:00:09,785249665,SELL,369512,0.01,JRF20190204-030006-125136,JRF20190204-030008-297314
2019-02-04T03:00:09,785249664,SELL,369512,0.01,JRF20190204-030006-447628,JRF20190204-030008-297314
2019-02-04T03:00:09.033,785249686,BUY,369481,0.01,JRF20190204-030008-024614,JRF20190204-030008-297314
2019-02-04T03:00:09.297,785249687,BUY,369481,0.06,JRF20190204-030009-024616,JRF20190204-030008-297314
2019-02-04T03:00:09.487,785249688,BUY,369481,0.09300601,JRF20190204-030009-108387,JRF20190204-030008-297314
2019-02-04T03:00:09.5,785249690,BUY,369481,0.05,JRF20190204-030009-482541,JRF20190204-030008-631883
2019-02-04T03:00:09.5,785249689,BUY,369481,0.00319345,JRF20190204-030009-482541,JRF20190204-030008-297314
2019-02-04T03:00:09.563,785249691,SELL,369487,0.15,JRF20190204-030009-321188,JRF20190204-030009-671680
2019-02-04T03:00:09.593,785249692,SELL,369487,0.03370941,JRF20190204-030009-321188,JRF20190204-030009-746807
2019-02-04T03:00:09.61,785249694,SELL,369486,0.04112824,JRF20190204-030009-296549,JRF20190204-030009-125178
2019-02-04T03:00:09.61,785249693,SELL,369487,0.01629059,JRF20190204-030009-321188,JRF20190204-030009-125178
2019-02-04T03:00:09.767,785249695,SELL,369486,0.1,JRF20190204-030009-296549,JRF20190204-030009-640063
2019-02-04T03:00:09.813,785249696,SELL,369486,0.01,JRF20190204-030009-296549,JRF20190204-030009-388878
2019-02-04T03:00:09.83,785249697,BUY,369496,0.037,JRF20190204-030009-125185,JRF20190204-030008-631596
2019-02-04T03:00:09.923,785249701,SELL,369482,0.05032169,JRF20190204-030009-640059,JRF20190204-030009-599693
2019-02-04T03:00:09.923,785249700,SELL,369482,0.04680655,JRF20190204-030009-482541,JRF20190204-030009-599693
2019-02-04T03:00:09.923,785249699,SELL,369483,0.09,JRF20190204-030009-296550,JRF20190204-030009-599693
2019-02-04T03:00:09.923,785249698,SELL,369486,0.04887176,JRF20190204-030009-296549,JRF20190204-030009-599693
2019-02-04T03:00:09.987,785249703,SELL,369481,0.06385451,JRF20190204-030009-746809,JRF20190204-030009-599695
2019-02-04T03:00:09.987,785249702,SELL,369482,0.03614549,JRF20190204-030009-640059,JRF20190204-030009-599695
2019-02-04T03:00:10.093,785249705,SELL,369481,0.18385451,JRF20190204-030009-097562,JRF20190204-030009-016340
2019-02-04T03:00:10.093,785249704,SELL,369481,0.016145490000000002,JRF20190204-030009-746809,JRF20190204-030009-016340
2019-02-04T03:00:10.187,785249707,BUY,369490,0.05,JRF20190204-030009-447648,JRF20190204-030009-704911
2019-02-04T03:00:10.25,785249709,SELL,369488,0.05598074,JRF20190204-030010-640067,JRF20190204-030010-671685
2019-02-04T03:00:10.25,785249708,SELL,369488,0.02,JRF20190204-030010-640067,JRF20190204-030010-447650
2019-02-04T03:00:10.267,785249710,SELL,369481,0.10401926,JRF20190204-030009-097562,JRF20190204-030010-671685
2019-02-04T03:00:10.297,785249714,BUY,369492,0.05,JRF20190204-030010-704913,JRF20190204-030009-388883
2019-02-04T03:00:10.297,785249713,BUY,369490,0.025,JRF20190204-030010-704913,JRF20190204-030010-447651
2019-02-04T03:00:10.297,785249712,BUY,369490,0.04,JRF20190204-030010-704913,JRF20190204-030009-704911
2019-02-04T03:00:10.297,785249711,BUY,369486,0.015,JRF20190204-030010-704913,JRF20190204-030010-746813
2019-02-04T03:00:10.313,785249716,SELL,369485,0.11,JRF20190204-030010-599698,JRF20190204-030010-296561
2019-02-04T03:00:10.313,785249715,SELL,369493,0.12,JRF20190204-030010-704913,JRF20190204-030010-296561
2019-02-04T03:00:10.437,785249735,BUY,369529,0.10871323000000001,JRF20190204-030010-599700,JRF20190204-030008-017158
2019-02-04T03:00:10.437,785249734,BUY,369528,0.06,JRF20190204-030010-599700,JRF20190204-030009-296553
2019-02-04T03:00:10.437,785249733,BUY,369528,0.07707802,JRF20190204-030010-599700,JRF20190204-030009-640060
2019-02-04T03:00:10.437,785249732,BUY,369528,0.08750000000000001,JRF20190204-030010-599700,JRF20190204-030009-024621
2019-02-04T03:00:10.437,785249731,BUY,369527,0.06,JRF20190204-030010-599700,JRF20190204-030009-482544
2019-02-04T03:00:10.437,785249730,BUY,369525,0.03799037,JRF20190204-030010-599700,JRF20190204-030009-640061
2019-02-04T03:00:10.437,785249729,BUY,369524,0.35793699,JRF20190204-030010-599700,JRF20190204-030009-296551
2019-02-04T03:00:10.437,785249728,BUY,369524,0.12,JRF20190204-030010-599700,JRF20190204-030009-640054
2019-02-04T03:00:10.437,785249727,BUY,369523,0.23600000000000002,JRF20190204-030010-599700,JRF20190204-030009-599686
2019-02-04T03:00:10.437,785249726,BUY,369521,0.1,JRF20190204-030010-599700,JRF20190204-030009-097560
2019-02-04T03:00:10.437,785249725,BUY,369520,0.13601202,JRF20190204-030010-599700,JRF20190204-030009-640062
2019-02-04T03:00:10.437,785249724,BUY,369518,0.095,JRF20190204-030010-599700,JRF20190204-030009-125177
2019-02-04T03:00:10.437,785249723,BUY,369513,0.025,JRF20190204-030010-599700,JRF20190204-030009-297317
2019-02-04T03:00:10.437,785249722,BUY,369496,0.013000000000000001,JRF20190204-030010-599700,JRF20190204-030008-631596
2019-02-04T03:00:10.437,785249721,BUY,369495,0.12,JRF20190204-030010-599700,JRF20190204-030010-570239
2019-02-04T03:00:10.437,785249720,BUY,369495,0.04,JRF20190204-030010-599700,JRF20190204-030010-097569
2019-02-04T03:00:10.437,785249719,BUY,369495,0.12,JRF20190204-030010-599700,JRF20190204-030010-296559
2019-02-04T03:00:10.437,785249718,BUY,369495,0.02,JRF20190204-030010-599700,JRF20190204-030010-296558
2019-02-04T03:00:10.437,785249717,BUY,369494,0.03799037,JRF20190204-030010-599700,JRF20190204-030010-640069
2019-02-04T03:00:10.58,785249736,SELL,369496,0.05,JRF20190204-030010-746815,JRF20190204-030010-570240
2019-02-04T03:00:10.61,785249737,SELL,369485,0.09,JRF20190204-030010-599698,JRF20190204-030010-599701
2019-02-04T03:00:10.813,785249740,SELL,369480,0.08787364,JRF20190204-030006-640041,JRF20190204-030010-125195
2019-02-04T03:00:10.813,785249739,SELL,369480,0.1,JRF20190204-025955-627154,JRF20190204-030010-125195
2019-02-04T03:00:10.813,785249738,SELL,369481,0.21212636,JRF20190204-030009-097562,JRF20190204-030010-125195
2019-02-04T03:00:11.017,785249743,BUY,369485,0.05,JRF20190204-030010-570241,JRF20190204-030010-640072
2019-02-04T03:00:11.017,785249742,BUY,369485,0.04,JRF20190204-030010-704914,JRF20190204-030010-640072
2019-02-04T03:00:11.017,785249741,BUY,369482,0.06,JRF20190204-030010-704914,JRF20190204-030010-599701
2019-02-04T03:00:11.033,785249744,BUY,369485,0.1,JRF20190204-030010-321195,JRF20190204-030010-640072
2019-02-04T03:00:11.047,785249747,BUY,369489,0.07,JRF20190204-030010-097576,JRF20190204-030010-570240
2019-02-04T03:00:11.047,785249746,BUY,369486,0.01,JRF20190204-030010-097576,JRF20190204-030010-024637
2019-02-04T03:00:11.047,785249745,BUY,369485,0.16823782,JRF20190204-030010-097576,JRF20190204-030010-640072
2019-02-04T03:00:11.093,785249748,SELL,369502,0.06,JRF20190204-030010-296564,JRF20190204-030010-570244
2019-02-04T03:00:11.127,785249749,SELL,369502,0.1,JRF20190204-030010-296564,JRF20190204-030010-632498
2019-02-04T03:00:11.157,785249752,SELL,369501,0.01,JRF20190204-030010-321196,JRF20190204-030011-640083
2019-02-04T03:00:11.157,785249751,SELL,369501,0.05,JRF20190204-030010-482549,JRF20190204-030011-640083
2019-02-04T03:00:11.157,785249750,SELL,369502,0.04,JRF20190204-030010-296564,JRF20190204-030011-640083
2019-02-04T03:00:11.22,785249754,BUY,369520,0.034,JRF20190204-030011-671694,JRF20190204-030010-640082
2019-02-04T03:00:11.22,785249753,BUY,369513,0.025,JRF20190204-030011-671694,JRF20190204-030010-599707
2019-02-04T03:00:11.297,785249755,SELL,369501,0.01,JRF20190204-030010-321196,JRF20190204-030011-632514
2019-02-04T03:00:11.47,785249777,SELL,369486,0.35793699,JRF20190204-030010-097578,JRF20190204-030011-704915
2019-02-04T03:00:11.47,785249776,SELL,369486,0.15415604,JRF20190204-030010-640079,JRF20190204-030011-704915
2019-02-04T03:00:11.47,785249775,SELL,369487,0.03,JRF20190204-030010-640081,JRF20190204-030011-704915
2019-02-04T03:00:11.47,785249774,SELL,369487,0.02,JRF20190204-030010-321197,JRF20190204-030011-704915
2019-02-04T03:00:11.47,785249773,SELL,369489,0.07598074,JRF20190204-030010-640077,JRF20190204-030011-704915
2019-02-04T03:00:11.47,785249772,SELL,369490,0.22,JRF20190204-030010-640074,JRF20190204-030011-704915
2019-02-04T03:00:11.47,785249771,SELL,369491,0.05,JRF20190204-030010-296565,JRF20190204-030011-704915
2019-02-04T03:00:11.47,785249770,SELL,369492,0.1,JRF20190204-030010-482548,JRF20190204-030011-704915
2019-02-04T03:00:11.47,785249769,SELL,369493,0.06800601,JRF20190204-030010-640078,JRF20190204-030011-704915
2019-02-04T03:00:11.47,785249768,SELL,369493,0.1,JRF20190204-030010-640075,JRF20190204-030011-704915
2019-02-04T03:00:11.47,785249767,SELL,369493,0.05,JRF20190204-030010-296563,JRF20190204-030011-704915
2019-02-04T03:00:11.47,785249766,SELL,369493,0.2,JRF20190204-030010-570243,JRF20190204-030011-704915
2019-02-04T03:00:11.47,785249765,SELL,369493,0.05,JRF20190204-030010-108397,JRF20190204-030011-704915
2019-02-04T03:00:11.47,785249764,SELL,369495,0.19,JRF20190204-030010-671692,JRF20190204-030011-704915
2019-02-04T03:00:11.47,785249763,SELL,369496,0.05,JRF20190204-030010-570242,JRF20190204-030011-704915
2019-02-04T03:00:11.47,785249762,SELL,369498,0.03,JRF20190204-030010-599706,JRF20190204-030011-704915
2019-02-04T03:00:11.47,785249761,SELL,369498,0.03,JRF20190204-030010-108395,JRF20190204-030011-704915
2019-02-04T03:00:11.47,785249760,SELL,369499,0.1,JRF20190204-030010-108396,JRF20190204-030011-704915
2019-02-04T03:00:11.47,785249759,SELL,369499,0.25176218,JRF20190204-030010-097576,JRF20190204-030011-704915
2019-02-04T03:00:11.47,785249758,SELL,369500,0.05,JRF20190204-030010-746818,JRF20190204-030011-704915
2019-02-04T03:00:11.47,785249757,SELL,369501,0.03908478,JRF20190204-030010-640076,JRF20190204-030011-704915
2019-02-04T03:00:11.47,785249756,SELL,369501,0.08,JRF20190204-030010-321196,JRF20190204-030011-704915
2019-02-04T03:00:11.487,785249852,SELL,369442,0.08364648,JRF20190204-025901-023938,JRF20190204-030011-704915
2019-02-04T03:00:11.487,785249851,SELL,369443,0.015,JRF20190204-025925-024185,JRF20190204-030011-704915
2019-02-04T03:00:11.487,785249850,SELL,369443,0.1,JRF20190204-025916-024107,JRF20190204-030011-704915
2019-02-04T03:00:11.487,785249849,SELL,369444,0.31320000000000003,JRF20190204-025952-388671,JRF20190204-030011-704915
2019-02-04T03:00:11.487,785249848,SELL,369444,0.2321,JRF20190204-025919-614470,JRF20190204-030011-704915
2019-02-04T03:00:11.487,785249847,SELL,369444,0.019,JRF20190204-025748-585068,JRF20190204-030011-704915
2019-02-04T03:00:11.487,785249846,SELL,369445,0.015,JRF20190204-025804-745355,JRF20190204-030011-704915
2019-02-04T03:00:11.487,785249845,SELL,369446,0.15,JRF20190204-025945-447437,JRF20190204-030011-704915
2019-02-04T03:00:11.487,785249844,SELL,369447,0.1,JRF20190204-025811-745466,JRF20190204-030011-704915
2019-02-04T03:00:11.487,785249843,SELL,369447,0.01,JRF20190204-025805-296109,JRF20190204-030011-704915
2019-02-04T03:00:11.487,785249842,SELL,369448,0.02,JRF20190204-030010-482550,JRF20190204-030011-704915
2019-02-04T03:00:11.487,785249841,SELL,369448,0.02,JRF20190204-030007-125151,JRF20190204-030011-704915
2019-02-04T03:00:11.487,785249840,SELL,369448,0.1,JRF20190204-025957-447540,JRF20190204-030011-704915
2019-02-04T03:00:11.487,785249839,SELL,369448,0.025,JRF20190204-025955-627009,JRF20190204-030011-704915
2019-02-04T03:00:11.487,785249838,SELL,369449,0.02,JRF20190204-030005-388825,JRF20190204-030011-704915
2019-02-04T03:00:11.487,785249837,SELL,369450,1.0,JRF20190204-030006-296532,JRF20190204-030011-704915
2019-02-04T03:00:11.487,785249836,SELL,369450,0.02,JRF20190204-030004-388814,JRF20190204-030011-704915
2019-02-04T03:00:11.487,785249835,SELL,369450,0.02,JRF20190204-025944-624901,JRF20190204-030011-704915
2019-02-04T03:00:11.487,785249834,SELL,369450,0.10200000000000001,JRF20190204-025835-602324,JRF20190204-030011-704915
2019-02-04T03:00:11.487,785249833,SELL,369451,0.02,JRF20190204-030008-125163,JRF20190204-030011-704915
2019-02-04T03:00:11.487,785249832,SELL,369453,0.22,JRF20190204-030010-097575,JRF20190204-030011-704915
2019-02-04T03:00:11.487,785249831,SELL,369454,0.01,JRF20190204-030007-297297,JRF20190204-030011-704915
2019-02-04T03:00:11.487,785249830,SELL,369455,0.15,JRF20190204-025925-639752,JRF20190204-030011-704915
2019-02-04T03:00:11.487,785249829,SELL,369458,0.1,JRF20190204-030008-108383,JRF20190204-030011-704915
2019-02-04T03:00:11.487,785249828,SELL,369458,0.01,JRF20190204-025913-746185,JRF20190204-030011-704915
2019-02-04T03:00:11.487,785249827,SELL,369458,0.52,JRF20190204-025821-745602,JRF20190204-030011-704915
2019-02-04T03:00:11.487,785249826,SELL,369459,1.00000013,JRF20190204-030009-296554,JRF20190204-030011-704915
2019-02-04T03:00:11.487,785249825,SELL,369460,0.17,JRF20190204-030003-640017,JRF20190204-030011-704915
2019-02-04T03:00:11.487,785249824,SELL,369461,0.06,JRF20190204-030010-296562,JRF20190204-030011-704915
2019-02-04T03:00:11.487,785249823,SELL,369461,0.05,JRF20190204-030005-599652,JRF20190204-030011-704915
2019-02-04T03:00:11.487,785249822,SELL,369462,0.5,JRF20190204-030000-097517,JRF20190204-030011-704915
2019-02-04T03:00:11.487,785249821,SELL,369462,0.21502829,JRF20190204-025828-023620,JRF20190204-030011-704915
2019-02-04T03:00:11.487,785249820,SELL,369463,0.06,JRF20190204-030009-482546,JRF20190204-030011-704915
2019-02-04T03:00:11.487,785249819,SELL,369463,0.2,JRF20190204-030006-125143,JRF20190204-030011-704915
2019-02-04T03:00:11.487,785249818,SELL,369463,0.1,JRF20190204-025913-746186,JRF20190204-030011-704915
2019-02-04T03:00:11.487,785249817,SELL,369464,0.15,JRF20190204-030009-599683,JRF20190204-030011-704915
2019-02-04T03:00:11.487,785249816,SELL,369465,0.02,JRF20190204-030010-296560,JRF20190204-030011-704915
2019-02-04T03:00:11.487,785249815,SELL,369465,0.03,JRF20190204-025957-388746,JRF20190204-030011-704915
2019-02-04T03:00:11.487,785249814,SELL,369468,0.01,JRF20190204-030011-125196,JRF20190204-030011-704915
2019-02-04T03:00:11.487,785249813,SELL,369470,0.04,JRF20190204-025958-628449,JRF20190204-030011-704915
2019-02-04T03:00:11.487,785249812,SELL,369470,0.36597199999999996,JRF20190204-025958-388750,JRF20190204-030011-704915
2019-02-04T03:00:11.487,785249811,SELL,369471,0.12,JRF20190204-030011-570246,JRF20190204-030011-704915
2019-02-04T03:00:11.487,785249810,SELL,369471,0.03,JRF20190204-030003-125109,JRF20190204-030011-704915
2019-02-04T03:00:11.487,785249809,SELL,369472,0.49,JRF20190204-030010-671693,JRF20190204-030011-704915
2019-02-04T03:00:11.487,785249808,SELL,369472,0.05,JRF20190204-030009-125179,JRF20190204-030011-704915
2019-02-04T03:00:11.487,785249807,SELL,369472,0.04,JRF20190204-030009-599681,JRF20190204-030011-704915
2019-02-04T03:00:11.487,785249806,SELL,369472,0.1,JRF20190204-030007-321181,JRF20190204-030011-704915
2019-02-04T03:00:11.487,785249805,SELL,369472,0.01,JRF20190204-030002-630155,JRF20190204-030011-704915
2019-02-04T03:00:11.487,785249804,SELL,369472,0.01,JRF20190204-030002-629890,JRF20190204-030011-704915
2019-02-04T03:00:11.487,785249803,SELL,369472,0.01,JRF20190204-030002-629814,JRF20190204-030011-704915
2019-02-04T03:00:11.487,785249802,SELL,369472,0.01,JRF20190204-030002-629672,JRF20190204-030011-704915
2019-02-04T03:00:11.487,785249801,SELL,369472,0.01,JRF20190204-030001-629581,JRF20190204-030011-704915
2019-02-04T03:00:11.487,785249800,SELL,369472,0.01,JRF20190204-030001-629462,JRF20190204-030011-704915
2019-02-04T03:00:11.487,785249799,SELL,369472,0.01,JRF20190204-030001-629290,JRF20190204-030011-704915
2019-02-04T03:00:11.487,785249798,SELL,369473,0.01,JRF20190204-030002-630019,JRF20190204-030011-704915
2019-02-04T03:00:11.487,785249797,SELL,369473,0.01,JRF20190204-030001-629374,JRF20190204-030011-704915
2019-02-04T03:00:11.487,785249796,SELL,369473,0.01,JRF20190204-030001-629230,JRF20190204-030011-704915
2019-02-04T03:00:11.487,785249795,SELL,369473,0.01,JRF20190204-030001-629209,JRF20190204-030011-704915
2019-02-04T03:00:11.487,785249794,SELL,369473,0.01,JRF20190204-030001-629173,JRF20190204-030011-704915
2019-02-04T03:00:11.487,785249793,SELL,369475,0.03,JRF20190204-030006-388842,JRF20190204-030011-704915
2019-02-04T03:00:11.487,785249792,SELL,369475,0.01,JRF20190204-030002-630310,JRF20190204-030011-704915
2019-02-04T03:00:11.487,785249791,SELL,369475,0.01,JRF20190204-030002-630195,JRF20190204-030011-704915
2019-02-04T03:00:11.487,785249790,SELL,369475,0.01,JRF20190204-030002-630055,JRF20190204-030011-704915
2019-02-04T03:00:11.487,785249789,SELL,369475,0.01,JRF20190204-030002-629994,JRF20190204-030011-704915
2019-02-04T03:00:11.487,785249788,SELL,369475,0.01,JRF20190204-030002-629794,JRF20190204-030011-704915
2019-02-04T03:00:11.487,785249787,SELL,369475,0.01,JRF20190204-030003-630432,JRF20190204-030011-704915
2019-02-04T03:00:11.487,785249786,SELL,369476,0.1,JRF20190204-030007-097554,JRF20190204-030011-704915
2019-02-04T03:00:11.487,785249785,SELL,369476,0.01,JRF20190204-030003-630377,JRF20190204-030011-704915
2019-02-04T03:00:11.487,785249784,SELL,369476,0.01,JRF20190204-030002-630287,JRF20190204-030011-704915
2019-02-04T03:00:11.487,785249783,SELL,369476,0.01,JRF20190204-030002-630136,JRF20190204-030011-704915
2019-02-04T03:00:11.487,785249782,SELL,369476,0.01,JRF20190204-030002-629934,JRF20190204-030011-704915
2019-02-04T03:00:11.487,785249781,SELL,369476,0.01,JRF20190204-030002-629873,JRF20190204-030011-704915
2019-02-04T03:00:11.487,785249780,SELL,369476,0.01,JRF20190204-030002-629716,JRF20190204-030011-704915
2019-02-04T03:00:11.487,785249779,SELL,369480,0.09712636000000001,JRF20190204-030006-640041,JRF20190204-030011-704915
2019-02-04T03:00:11.487,785249778,SELL,369481,0.04,JRF20190204-030011-296567,JRF20190204-030011-704915
2019-02-04T03:00:11.593,785249853,BUY,369488,0.02,JRF20190204-030011-388892,JRF20190204-030011-640084
2019-02-04T03:00:11.627,785249854,BUY,369488,0.02,JRF20190204-030011-671696,JRF20190204-030011-640084
2019-02-04T03:00:11.673,785249855,SELL,369481,0.01,JRF20190204-030011-640086,JRF20190204-030011-297337
2019-02-04T03:00:11.687,785249857,BUY,369516,0.01107658,JRF20190204-030011-671702,JRF20190204-030011-599713
2019-02-04T03:00:11.687,785249856,BUY,369488,0.20823782000000002,JRF20190204-030011-671702,JRF20190204-030011-640084
2019-02-04T03:00:11.767,785249859,BUY,369519,0.07107658,JRF20190204-030011-097580,JRF20190204-030011-447663
2019-02-04T03:00:11.767,785249858,BUY,369516,0.01892342,JRF20190204-030011-097580,JRF20190204-030011-599713
2019-02-04T03:00:11.83,785249886,SELL,369433,0.015,JRF20190204-025759-704170,JRF20190204-030011-671706
2019-02-04T03:00:11.83,785249885,SELL,369434,0.019,JRF20190204-025954-626850,JRF20190204-030011-671706
2019-02-04T03:00:11.83,785249884,SELL,369434,0.1,JRF20190204-025757-587192,JRF20190204-030011-671706
2019-02-04T03:00:11.83,785249883,SELL,369435,0.06,JRF20190204-030008-746802,JRF20190204-030011-671706
2019-02-04T03:00:11.83,785249882,SELL,369436,0.06,JRF20190204-025936-388523,JRF20190204-030011-671706
2019-02-04T03:00:11.83,785249881,SELL,369437,0.015,JRF20190204-030000-746719,JRF20190204-030011-671706
2019-02-04T03:00:11.83,785249880,SELL,369437,0.15,JRF20190204-025957-297192,JRF20190204-030011-671706
2019-02-04T03:00:11.83,785249879,SELL,369438,0.06,JRF20190204-030003-024548,JRF20190204-030011-671706
2019-02-04T03:00:11.83,785249878,SELL,369438,0.01,JRF20190204-025917-447204,JRF20190204-030011-671706
2019-02-04T03:00:11.83,785249877,SELL,369438,0.06,JRF20190204-025916-746274,JRF20190204-030011-671706
2019-02-04T03:00:11.83,785249876,SELL,369439,0.1,JRF20190204-025959-125058,JRF20190204-030011-671706
2019-02-04T03:00:11.83,785249875,SELL,369439,0.1,JRF20190204-025956-671563,JRF20190204-030011-671706
2019-02-04T03:00:11.83,785249874,SELL,369440,0.1,JRF20190204-025710-571596,JRF20190204-030011-671706
2019-02-04T03:00:11.83,785249873,SELL,369440,0.016,JRF20190204-025743-583945,JRF20190204-030011-671706
2019-02-04T03:00:11.83,785249872,SELL,369441,0.15,JRF20190204-025952-746642,JRF20190204-030011-671706
2019-02-04T03:00:11.83,785249871,SELL,369441,0.1,JRF20190204-025920-447224,JRF20190204-030011-671706
2019-02-04T03:00:11.83,785249870,SELL,369441,0.1278,JRF20190204-025918-614263,JRF20190204-030011-671706
2019-02-04T03:00:11.83,785249869,SELL,369441,0.01,JRF20190204-025915-296821,JRF20190204-030011-671706
2019-02-04T03:00:11.83,785249868,SELL,369441,0.0349,JRF20190204-025751-585915,JRF20190204-030011-671706
2019-02-04T03:00:11.83,785249867,SELL,369442,0.0063535200000000005,JRF20190204-025901-023938,JRF20190204-030011-671706
2019-02-04T03:00:11.83,785249866,SELL,369446,0.17558792,JRF20190204-030011-599719,JRF20190204-030011-671706
2019-02-04T03:00:11.83,785249865,SELL,369451,0.02321579,JRF20190204-030011-746825,JRF20190204-030011-671706
2019-02-04T03:00:11.83,785249864,SELL,369462,0.05,JRF20190204-030011-296568,JRF20190204-030011-671706
2019-02-04T03:00:11.83,785249863,SELL,369481,0.50000013,JRF20190204-030011-640087,JRF20190204-030011-671706
2019-02-04T03:00:11.83,785249862,SELL,369481,0.30823782,JRF20190204-030011-640086,JRF20190204-030011-671706
2019-02-04T03:00:11.83,785249861,SELL,369486,0.14632327,JRF20190204-030011-671701,JRF20190204-030011-671706
2019-02-04T03:00:11.83,785249860,SELL,369492,0.12,JRF20190204-030011-640088,JRF20190204-030011-671706
2019-02-04T03:00:11.89,785249887,BUY,369432,0.1,JRF20190204-030011-570248,JRF20190204-030011-671706
2019-02-04T03:00:11.907,785249888,BUY,369432,0.06,JRF20190204-030011-482552,JRF20190204-030011-671706
2019-02-04T03:00:11.923,785249889,BUY,369432,0.1,JRF20190204-030011-482553,JRF20190204-030011-671706
2019-02-04T03:00:12.033,785249890,BUY,369432,0.01,JRF20190204-030011-125201,JRF20190204-030011-671706
2019-02-04T03:00:12.233,785249891,BUY,369432,0.17,JRF20190204-030012-640091,JRF20190204-030011-671706
2019-02-04T03:00:12.297,785249892,BUY,369432,0.15,JRF20190204-030012-024653,JRF20190204-030011-671706
2019-02-04T03:00:12.517,785249893,BUY,369432,0.1,JRF20190204-030012-108405,JRF20190204-030011-671706
2019-02-04T03:00:12.61,785249894,BUY,369432,0.1,JRF20190204-030012-097584,JRF20190204-030011-671706
2019-02-04T03:00:12.64,785249895,BUY,369432,0.2,JRF20190204-030012-024659,JRF20190204-030011-671706
2019-02-04T03:00:12.703,785249896,BUY,369432,0.385,JRF20190204-030012-097586,JRF20190204-030011-671706
2019-02-04T03:00:12.733,785249897,BUY,369432,0.03,JRF20190204-030012-671712,JRF20190204-030011-671706
2019-02-04T03:00:12.75,785249898,BUY,369432,0.616,JRF20190204-030012-704930,JRF20190204-030011-671706
2019-02-04T03:00:12.767,785249899,BUY,369432,0.616,JRF20190204-030012-704929,JRF20190204-030011-671706
2019-02-04T03:00:12.783,785249900,BUY,369432,0.01,JRF20190204-030012-671713,JRF20190204-030011-671706
2019-02-04T03:00:12.797,785249908,SELL,369428,0.05498421,JRF20190204-025925-108140,JRF20190204-030012-388907
2019-02-04T03:00:12.797,785249907,SELL,369428,0.01,JRF20190204-025925-320967,JRF20190204-030012-388907
2019-02-04T03:00:12.797,785249906,SELL,369428,0.015,JRF20190204-025809-296161,JRF20190204-030012-388907
2019-02-04T03:00:12.797,785249905,SELL,369429,0.02321579,JRF20190204-030011-746823,JRF20190204-030012-388907
2019-02-04T03:00:12.797,785249904,SELL,369429,0.17,JRF20190204-030010-640068,JRF20190204-030012-388907
2019-02-04T03:00:12.797,785249903,SELL,369429,0.01,JRF20190204-025920-124709,JRF20190204-030012-388907
2019-02-04T03:00:12.797,785249902,SELL,369429,0.01,JRF20190204-025911-296790,JRF20190204-030012-388907
2019-02-04T03:00:12.797,785249901,SELL,369431,0.02,JRF20190204-025804-589053,JRF20190204-030012-388907
2019-02-04T03:00:12.83,785249909,BUY,369432,0.2,JRF20190204-030012-599733,JRF20190204-030011-671706
2019-02-04T03:00:12.907,785249910,BUY,369432,0.081,JRF20190204-030012-388908,JRF20190204-030011-671706
2019-02-04T03:00:12.97,785249911,BUY,369432,1.00000013,JRF20190204-030012-640099,JRF20190204-030011-671706
2019-02-04T03:00:12.983,785249913,BUY,369432,0.02514558,JRF20190204-030012-599736,JRF20190204-030012-482564
2019-02-04T03:00:12.983,785249912,BUY,369432,0.05575442,JRF20190204-030012-599736,JRF20190204-030011-671706
2019-02-04T03:00:13.017,785249915,BUY,369436,0.05,JRF20190204-030012-024663,JRF20190204-030009-632216
2019-02-04T03:00:13.017,785249914,BUY,369432,0.034854420000000004,JRF20190204-030012-024663,JRF20190204-030012-482564
2019-02-04T03:00:13.033,785249920,BUY,369474,0.10014558,JRF20190204-030012-024663,JRF20190204-030012-570253
2019-02-04T03:00:13.033,785249919,BUY,369474,0.025,JRF20190204-030012-024663,JRF20190204-025955-627018
2019-02-04T03:00:13.033,785249918,BUY,369466,0.05,JRF20190204-030012-024663,JRF20190204-030009-632080
2019-02-04T03:00:13.033,785249917,BUY,369460,0.09,JRF20190204-030012-024663,JRF20190204-030008-631578
2019-02-04T03:00:13.033,785249916,BUY,369451,0.05,JRF20190204-030012-024663,JRF20190204-030009-632198
2019-02-04T03:00:13.063,785249923,BUY,369478,0.1,JRF20190204-030012-599739,JRF20190204-030012-296573
2019-02-04T03:00:13.063,785249922,BUY,369477,0.03,JRF20190204-030012-599739,JRF20190204-030012-321202
2019-02-04T03:00:13.063,785249921,BUY,369474,0.09985442,JRF20190204-030012-599739,JRF20190204-030012-570253
2019-02-04T03:00:13.08,785249924,BUY,369432,0.05,JRF20190204-030013-640100,JRF20190204-030013-297361
2019-02-04T03:00:13.093,785249925,SELL,369482,0.04,JRF20190204-030013-640100,JRF20190204-030013-097590
2019-02-04T03:00:13.267,785249930,BUY,369492,0.03354239,JRF20190204-030013-108417,JRF20190204-030012-482557
2019-02-04T03:00:13.267,785249929,BUY,369492,0.03045761,JRF20190204-030013-108417,JRF20190204-030012-640093
2019-02-04T03:00:13.267,785249928,BUY,369491,0.1,JRF20190204-030013-108417,JRF20190204-030012-704928
2019-02-04T03:00:13.267,785249927,BUY,369490,0.2,JRF20190204-030013-108417,JRF20190204-030012-570252
2019-02-04T03:00:13.267,785249926,BUY,369489,0.23600000000000002,JRF20190204-030013-108417,JRF20190204-030012-704919
2019-02-04T03:00:13.313,785249934,BUY,369495,0.08354239000000001,JRF20190204-030013-388913,JRF20190204-030012-108404
2019-02-04T03:00:13.313,785249933,BUY,369493,0.1,JRF20190204-030013-388913,JRF20190204-030012-296575
2019-02-04T03:00:13.313,785249932,BUY,369492,0.05,JRF20190204-030013-388913,JRF20190204-030012-321203
2019-02-04T03:00:13.313,785249931,BUY,369492,0.06645761,JRF20190204-030013-388913,JRF20190204-030012-482557
2019-02-04T03:00:13.483,785249935,SELL,369482,0.2,JRF20190204-030013-640100,JRF20190204-030013-296579
2019-02-04T03:00:13.563,785249936,SELL,369488,0.019,JRF20190204-030013-321210,JRF20190204-025954-626863
2019-02-04T03:00:13.61,785249937,SELL,369488,0.01,JRF20190204-030013-321210,JRF20190204-030013-746855
2019-02-04T03:00:13.657,785249938,SELL,369488,0.01,JRF20190204-030013-321210,JRF20190204-030013-297368
2019-02-04T03:00:13.673,785249939,SELL,369488,0.01,JRF20190204-030013-321210,JRF20190204-030013-671721
2019-02-04T03:00:13.687,785249940,SELL,369488,0.01,JRF20190204-030013-321210,JRF20190204-030013-671719
2019-02-04T03:00:13.703,785249941,BUY,369490,0.04,JRF20190204-030013-024672,JRF20190204-030013-097591
2019-02-04T03:00:13.83,785249942,SELL,369490,0.02,JRF20190204-030013-024672,JRF20190204-025804-589065
2019-02-04T03:00:13.937,785249943,SELL,369490,0.35000000000000003,JRF20190204-030013-024672,JRF20190204-030013-746857
2019-02-04T03:00:13.97,785249944,SELL,369490,0.01,JRF20190204-030013-024672,JRF20190204-030013-024676
2019-02-04T03:00:13.983,785249945,BUY,369491,0.01,JRF20190204-030013-671723,JRF20190204-030013-482567
2019-02-04T03:00:14.14,785249946,BUY,369491,0.0630708,JRF20190204-030013-482570,JRF20190204-030013-482567
2019-02-04T03:00:14.157,785249947,BUY,369491,0.02,JRF20190204-030013-296582,JRF20190204-030013-482567
2019-02-04T03:00:14.203,785249950,SELL,369490,0.023197,JRF20190204-030013-024672,JRF20190204-030013-447681
2019-02-04T03:00:14.203,785249949,BUY,369491,0.041,JRF20190204-030014-097600,JRF20190204-030013-482567
2019-02-04T03:00:14.22,785249951,SELL,369490,0.5525060900000001,JRF20190204-030013-024672,JRF20190204-030013-024679
2019-02-04T03:00:14.233,785249952,SELL,369490,0.081,JRF20190204-030013-024672,JRF20190204-030014-388921
2019-02-04T03:00:14.267,785249953,BUY,369491,0.08,JRF20190204-030014-125223,JRF20190204-030013-482567
2019-02-04T03:00:14.483,785249954,SELL,369490,0.02,JRF20190204-030013-024672,JRF20190204-030014-599751
2019-02-04T03:00:14.58,785249955,SELL,369490,0.03,JRF20190204-030013-024672,JRF20190204-030014-746862
2019-02-04T03:00:14.75,785249958,BUY,369491,0.02,JRF20190204-030014-570267,JRF20190204-030013-570264
2019-02-04T03:00:14.783,785249962,SELL,369490,0.14148347,JRF20190204-030013-024672,JRF20190204-030014-671731
2019-02-04T03:00:14.783,785249961,SELL,369493,0.1940708,JRF20190204-030014-570267,JRF20190204-030014-671731
2019-02-04T03:00:14.783,785249960,SELL,369494,0.25,JRF20190204-030014-108424,JRF20190204-030014-671731
2019-02-04T03:00:14.783,785249959,SELL,369494,0.02,JRF20190204-030014-296585,JRF20190204-030014-671731
2019-02-04T03:00:14.923,785249963,SELL,369490,0.02,JRF20190204-030013-024672,JRF20190204-030014-599757
2019-02-04T03:00:14.953,785249964,SELL,369490,0.613,JRF20190204-030013-024672,JRF20190204-030014-599758
2019-02-04T03:00:15.203,785249965,BUY,369495,0.01,JRF20190204-030015-671732,JRF20190204-030012-108404
2019-02-04T03:00:15.233,785249967,SELL,369494,0.063,JRF20190204-030014-570269,JRF20190204-030015-024689
2019-02-04T03:00:15.267,785249968,BUY,369494,0.01,JRF20190204-030015-024691,JRF20190204-030015-024689
2019-02-04T03:00:15.33,785249969,SELL,369490,0.01,JRF20190204-030013-024672,JRF20190204-030015-024692
2019-02-04T03:00:15.39,785249971,SELL,369488,0.41118656000000003,JRF20190204-030014-447684,JRF20190204-030015-321217
2019-02-04T03:00:15.39,785249970,SELL,369490,0.08881344000000001,JRF20190204-030013-024672,JRF20190204-030015-321217
2019-02-04T03:00:15.64,785249974,SELL,369487,0.02,JRF20190204-030015-746872,JRF20190204-030015-097607
2019-02-04T03:00:15.64,785249973,SELL,369488,0.58881344,JRF20190204-030014-447684,JRF20190204-030015-097607
2019-02-04T03:00:16.157,785249977,SELL,369484,0.07598074,JRF20190204-030013-640102,JRF20190204-030015-640114
2019-02-04T03:00:16.453,785249979,BUY,369485,0.057418830000000004,JRF20190204-030016-746884,JRF20190204-030015-297384
2019-02-04T03:00:16.47,785249980,BUY,369485,0.03370941,JRF20190204-030016-297389,JRF20190204-030015-297384
2019-02-04T03:00:16.483,785249981,SELL,369484,0.04,JRF20190204-030016-633950,JRF20190204-030016-599775
2019-02-04T03:00:16.547,785249982,BUY,369482,0.049,JRF20190204-030016-640118,JRF20190204-030016-599775
2019-02-04T03:00:16.61,785249983,BUY,369482,0.01370942,JRF20190204-030016-388934,JRF20190204-030016-599775
2019-02-04T03:00:16.627,785249994,SELL,369475,0.01,JRF20190204-030014-633295,JRF20190204-030016-297391
2019-02-04T03:00:16.627,785249993,SELL,369476,0.01,JRF20190204-030015-633773,JRF20190204-030016-297391
2019-02-04T03:00:16.627,785249992,SELL,369476,0.01,JRF20190204-030014-633710,JRF20190204-030016-297391
2019-02-04T03:00:16.627,785249991,SELL,369476,0.01,JRF20190204-030014-633682,JRF20190204-030016-297391
2019-02-04T03:00:16.627,785249990,SELL,369476,0.01,JRF20190204-030014-633656,JRF20190204-030016-297391
2019-02-04T03:00:16.627,785249989,SELL,369476,0.01,JRF20190204-030014-633629,JRF20190204-030016-297391
2019-02-04T03:00:16.627,785249988,SELL,369476,0.01,JRF20190204-030014-633566,JRF20190204-030016-297391
2019-02-04T03:00:16.627,785249987,SELL,369476,0.01,JRF20190204-030014-633509,JRF20190204-030016-297391
2019-02-04T03:00:16.627,785249986,SELL,369476,0.01,JRF20190204-030014-633441,JRF20190204-030016-297391
2019-02-04T03:00:16.627,785249985,SELL,369476,0.01,JRF20190204-030014-633381,JRF20190204-030016-297391
2019-02-04T03:00:16.877,785250003,SELL,369442,0.005,JRF20190204-030013-704935,JRF20190204-030016-297394
2019-02-04T03:00:16.877,785250002,SELL,369443,0.4,JRF20190204-030013-108419,JRF20190204-030016-297394
2019-02-04T03:00:16.877,785250001,SELL,369461,0.03,JRF20190204-030012-296577,JRF20190204-030016-297394
2019-02-04T03:00:16.877,785250000,SELL,369462,0.17,JRF20190204-030014-640108,JRF20190204-030016-297394
2019-02-04T03:00:16.877,785249999,SELL,369463,0.06,JRF20190204-030015-108428,JRF20190204-030016-297394
2019-02-04T03:00:16.877,785249998,SELL,369469,0.015,JRF20190204-030014-024688,JRF20190204-030016-297394
2019-02-04T03:00:16.877,785249997,SELL,369475,0.01,JRF20190204-030015-633744,JRF20190204-030016-297394
2019-02-04T03:00:16.877,785249996,SELL,369475,0.01,JRF20190204-030014-633328,JRF20190204-030016-297394
2019-02-04T03:00:17.047,785250008,SELL,369435,0.01,JRF20190204-030013-746852,JRF20190204-030016-704946
2019-02-04T03:00:17.047,785250007,SELL,369436,0.06,JRF20190204-030016-296594,JRF20190204-030016-704946
2019-02-04T03:00:17.047,785250006,SELL,369438,0.45,JRF20190204-030013-640105,JRF20190204-030016-704946
2019-02-04T03:00:17.047,785250005,SELL,369439,0.02,JRF20190204-030013-640104,JRF20190204-030016-704946
2019-02-04T03:00:17.047,785250004,SELL,369442,0.075,JRF20190204-030013-704935,JRF20190204-030016-704946
2019-02-04T03:00:17.063,785250010,SELL,369434,0.325,JRF20190204-030015-746870,JRF20190204-030016-704946
2019-02-04T03:00:17.063,785250009,SELL,369434,0.06,JRF20190204-030014-296584,JRF20190204-030016-704946
2019-02-04T03:00:17.08,785250012,BUY,369481,0.01,JRF20190204-030016-746888,JRF20190204-030016-296595
2019-02-04T03:00:17.093,785250013,BUY,369481,0.05,JRF20190204-030016-746892,JRF20190204-030016-296595
2019-02-04T03:00:17.283,785250016,SELL,369439,0.09,JRF20190204-030017-108433,JRF20190204-030017-671746
2019-02-04T03:00:17.283,785250015,SELL,369450,0.2,JRF20190204-030017-640122,JRF20190204-030017-671746
2019-02-04T03:00:17.377,785250029,BUY,369469,0.37800902000000003,JRF20190204-030017-746897,JRF20190204-030017-704949
2019-02-04T03:00:17.377,785250028,BUY,369469,0.1,JRF20190204-030017-746897,JRF20190204-030017-321227
2019-02-04T03:00:17.377,785250027,BUY,369468,0.025,JRF20190204-030017-746897,JRF20190204-030017-024708
2019-02-04T03:00:17.377,785250026,BUY,369468,0.1,JRF20190204-030017-746897,JRF20190204-030017-097618
2019-02-04T03:00:17.377,785250025,BUY,369468,0.05,JRF20190204-030017-746897,JRF20190204-030017-296599
2019-02-04T03:00:17.377,785250024,BUY,369468,0.25176218,JRF20190204-030017-746897,JRF20190204-030017-640123
2019-02-04T03:00:17.377,785250023,BUY,369468,0.015228799999999999,JRF20190204-030017-746897,JRF20190204-030017-482579
2019-02-04T03:00:17.377,785250022,BUY,369466,0.2,JRF20190204-030017-746897,JRF20190204-030017-296597
2019-02-04T03:00:17.377,785250021,BUY,369466,0.1,JRF20190204-030017-746897,JRF20190204-030017-482581
2019-02-04T03:00:17.377,785250020,BUY,369460,0.1,JRF20190204-030017-746897,JRF20190204-030016-634034
2019-02-04T03:00:17.377,785250019,BUY,369460,0.09,JRF20190204-030017-746897,JRF20190204-030013-633188
2019-02-04T03:00:17.377,785250018,BUY,369459,0.1,JRF20190204-030017-746897,JRF20190204-030017-097620
2019-02-04T03:00:17.377,785250017,BUY,369441,0.01,JRF20190204-030017-746897,JRF20190204-030017-388944
2019-02-04T03:00:17.733,785250036,SELL,369434,0.075,JRF20190204-030015-746870,JRF20190204-030017-671752
2019-02-04T03:00:17.733,785250035,SELL,369437,0.2,JRF20190204-030017-599790,JRF20190204-030017-671752
2019-02-04T03:00:17.733,785250034,SELL,369439,0.0275,JRF20190204-030017-108433,JRF20190204-030017-671752
2019-02-04T03:00:17.733,785250033,SELL,369443,0.075,JRF20190204-030017-097628,JRF20190204-030017-671752
2019-02-04T03:00:17.733,785250032,SELL,369445,0.1,JRF20190204-030017-570282,JRF20190204-030017-671752
2019-02-04T03:00:17.75,785250037,BUY,369434,0.12,JRF20190204-030017-097629,JRF20190204-030017-671752
2019-02-04T03:00:17.783,785250038,BUY,369434,0.05,JRF20190204-030017-024713,JRF20190204-030017-671752
2019-02-04T03:00:18.047,785250040,SELL,369433,0.30000000000000004,JRF20190204-030013-704936,JRF20190204-030017-447707
2019-02-04T03:00:18.08,785250041,BUY,369434,0.100572,JRF20190204-030017-125249,JRF20190204-030017-671752
2019-02-04T03:00:18.11,785250042,SELL,369433,0.01,JRF20190204-030013-704936,JRF20190204-030017-108439
2019-02-04T03:00:18.127,785250043,SELL,369433,0.04,JRF20190204-030013-704936,JRF20190204-030017-296604
2019-02-04T03:00:18.14,785250044,BUY,369434,0.082,JRF20190204-030017-599793,JRF20190204-030017-671752
2019-02-04T03:00:18.157,785250045,SELL,369433,0.02,JRF20190204-030013-704936,JRF20190204-030017-024715
2019-02-04T03:00:18.25,785250047,SELL,369433,0.03,JRF20190204-030013-704936,JRF20190204-030017-024717
2019-02-04T03:00:18.297,785250049,SELL,369432,0.22,JRF20190204-030013-125216,JRF20190204-030018-125250
2019-02-04T03:00:18.297,785250048,SELL,369432,0.08,JRF20190204-030013-671717,JRF20190204-030018-125250
2019-02-04T03:00:18.343,785250050,BUY,369433,0.01,JRF20190204-030018-671761,JRF20190204-030017-024717
2019-02-04T03:00:18.547,785250058,BUY,369461,0.00535339,JRF20190204-030018-447710,JRF20190204-030018-634226
2019-02-04T03:00:18.547,785250057,BUY,369460,0.375,JRF20190204-030018-447710,JRF20190204-030018-388951
2019-02-04T03:00:18.547,785250056,BUY,369459,0.06,JRF20190204-030018-447710,JRF20190204-030017-108436
2019-02-04T03:00:18.547,785250055,BUY,369446,0.05,JRF20190204-030018-447710,JRF20190204-030018-634249
2019-02-04T03:00:18.547,785250054,BUY,369434,6.01532365,JRF20190204-030018-447710,JRF20190204-030017-671752
2019-02-04T03:00:18.547,785250053,BUY,369433,0.08939164000000001,JRF20190204-030018-447710,JRF20190204-030018-297405
2019-02-04T03:00:18.547,785250052,BUY,369433,0.09493132,JRF20190204-030018-447710,JRF20190204-030017-024717
2019-02-04T03:00:18.64,785250059,SELL,369432,0.08883424000000001,JRF20190204-030013-125216,JRF20190204-030018-746902
2019-02-04T03:00:18.83,785250063,SELL,369432,0.02,JRF20190204-030013-125216,JRF20190204-030018-634260
2019-02-04T03:00:18.83,785250062,SELL,369441,0.01,JRF20190204-030018-671764,JRF20190204-030018-634260
2019-02-04T03:00:18.83,785250061,SELL,369442,0.02,JRF20190204-030018-746905,JRF20190204-030018-634260
2019-02-04T03:00:18.907,785250065,SELL,369439,0.01,JRF20190204-030018-388959,JRF20190204-030018-296610
2019-02-04T03:00:18.907,785250064,SELL,369440,0.05,JRF20190204-030018-296609,JRF20190204-030018-296610
2019-02-04T03:00:18.937,785250067,SELL,369442,0.04128225,JRF20190204-030018-570288,JRF20190204-030018-388960
2019-02-04T03:00:18.937,785250066,SELL,369442,0.1,JRF20190204-030018-570289,JRF20190204-030018-388960
2019-02-04T03:00:18.953,785250068,BUY,369459,0.08,JRF20190204-030018-125256,JRF20190204-030018-482583
2019-02-04T03:00:19,785250084,SELL,369437,0.0021479999999999997,JRF20190204-030018-704958,JRF20190204-030018-704960
2019-02-04T03:00:19,785250083,SELL,369437,0.2,JRF20190204-030018-640133,JRF20190204-030018-704960
2019-02-04T03:00:19,785250082,SELL,369437,0.1,JRF20190204-030018-321234,JRF20190204-030018-704960
2019-02-04T03:00:19,785250081,SELL,369437,0.05,JRF20190204-030018-640132,JRF20190204-030018-704960
2019-02-04T03:00:19,785250080,SELL,369438,0.06800601,JRF20190204-030018-704959,JRF20190204-030018-704960
2019-02-04T03:00:19,785250079,SELL,369439,0.18,JRF20190204-030018-388959,JRF20190204-030018-704960
2019-02-04T03:00:19,785250077,SELL,369440,0.2,JRF20190204-030018-482584,JRF20190204-030018-704960
2019-02-04T03:00:19,785250076,SELL,369441,0.02,JRF20190204-030018-447715,JRF20190204-030018-704960
2019-02-04T03:00:19,785250075,SELL,369441,0.03370941,JRF20190204-030018-599805,JRF20190204-030018-704960
2019-02-04T03:00:19,785250074,SELL,369442,0.05,JRF20190204-030018-447714,JRF20190204-030018-704960
2019-02-04T03:00:19,785250073,SELL,369442,0.00871775,JRF20190204-030018-570288,JRF20190204-030018-704960
2019-02-04T03:00:19,785250072,SELL,369445,0.057418830000000004,JRF20190204-030018-746908,JRF20190204-030018-704960
2019-02-04T03:00:19,785250071,SELL,369447,0.01,JRF20190204-030018-297410,JRF20190204-030018-704960
2019-02-04T03:00:19,785250070,SELL,369447,0.01,JRF20190204-030018-297411,JRF20190204-030018-704960
2019-02-04T03:00:19,785250069,SELL,369447,0.01,JRF20190204-030018-125258,JRF20190204-030018-704960
2019-02-04T03:00:19.03,785250086,SELL,369437,0.01,JRF20190204-030018-704958,JRF20190204-030018-297413
2019-02-04T03:00:19.03,785250085,SELL,369447,0.01,JRF20190204-030018-297412,JRF20190204-030018-297413
2019-02-04T03:00:19.173,785250087,SELL,369440,0.01,JRF20190204-030018-447717,JRF20190204-030018-321235
2019-02-04T03:00:19.313,785250091,SELL,369436,0.0021479999999999997,JRF20190204-030018-108442,JRF20190204-030019-108447
2019-02-04T03:00:19.313,785250090,SELL,369437,0.087852,JRF20190204-030018-704958,JRF20190204-030019-108447
2019-02-04T03:00:19.313,785250089,SELL,369440,0.01,JRF20190204-030018-447717,JRF20190204-030019-108447
2019-02-04T03:00:19.39,785250094,SELL,369436,0.032147999999999996,JRF20190204-030018-704956,JRF20190204-030019-296615
2019-02-04T03:00:19.39,785250093,SELL,369436,0.067852,JRF20190204-030018-108442,JRF20190204-030019-296615
2019-02-04T03:00:19.39,785250092,SELL,369445,0.2,JRF20190204-030019-024726,JRF20190204-030019-296615
2019-02-04T03:00:19.593,785250102,SELL,369435,0.022147999999999998,JRF20190204-030018-640134,JRF20190204-030019-024729
2019-02-04T03:00:19.593,785250101,SELL,369436,0.017852,JRF20190204-030018-704956,JRF20190204-030019-024729
2019-02-04T03:00:19.593,785250100,SELL,369443,0.02,JRF20190204-030019-447718,JRF20190204-030019-024729
2019-02-04T03:00:19.593,785250099,SELL,369447,0.01,JRF20190204-030019-746914,JRF20190204-030019-024729
2019-02-04T03:00:19.593,785250098,SELL,369447,0.01,JRF20190204-030019-746915,JRF20190204-030019-024729
2019-02-04T03:00:19.593,785250097,SELL,369447,0.01,JRF20190204-030019-599811,JRF20190204-030019-024729
2019-02-04T03:00:19.593,785250096,SELL,369447,0.01,JRF20190204-030019-599812,JRF20190204-030019-024729
2019-02-04T03:00:19.61,785250103,SELL,369440,0.1,JRF20190204-030019-296616,JRF20190204-030019-108449
2019-02-04T03:00:19.813,785250112,BUY,369456,0.051191,JRF20190204-030019-671778,JRF20190204-030019-640136
2019-02-04T03:00:19.813,785250111,BUY,369456,0.05,JRF20190204-030019-671778,JRF20190204-030019-570291
2019-02-04T03:00:19.813,785250110,BUY,369455,0.05,JRF20190204-030019-671778,JRF20190204-030019-296614
2019-02-04T03:00:19.813,785250109,BUY,369453,0.05,JRF20190204-030019-671778,JRF20190204-030019-640137
2019-02-04T03:00:19.813,785250108,BUY,369451,0.025,JRF20190204-030019-671778,JRF20190204-030019-671770
2019-02-04T03:00:19.813,785250107,BUY,369451,0.05,JRF20190204-030019-671778,JRF20190204-030019-704963
2019-02-04T03:00:19.813,785250106,BUY,369451,0.1,JRF20190204-030019-671778,JRF20190204-030019-296613
2019-02-04T03:00:19.89,785250122,SELL,369434,0.06,JRF20190204-030019-482589,JRF20190204-030019-017237
2019-02-04T03:00:19.89,785250121,SELL,369434,0.03,JRF20190204-030018-097642,JRF20190204-030019-017237
2019-02-04T03:00:19.89,785250120,SELL,369434,0.02,JRF20190204-030018-108443,JRF20190204-030019-017237
2019-02-04T03:00:19.89,785250119,SELL,369435,0.038,JRF20190204-030018-704961,JRF20190204-030019-017237
2019-02-04T03:00:19.89,785250118,SELL,369435,0.2,JRF20190204-030018-024722,JRF20190204-030019-017237
2019-02-04T03:00:19.89,785250117,SELL,369435,0.87,JRF20190204-030018-599804,JRF20190204-030019-017237
2019-02-04T03:00:19.89,785250116,SELL,369435,0.053832740000000004,JRF20190204-030018-640134,JRF20190204-030019-017237
2019-02-04T03:00:19.89,785250115,SELL,369440,0.17,JRF20190204-030019-296617,JRF20190204-030019-017237
2019-02-04T03:00:19.89,785250114,SELL,369440,0.35000000000000003,JRF20190204-030019-296616,JRF20190204-030019-017237
2019-02-04T03:00:19.937,785250125,SELL,369428,0.02286224,JRF20190204-025925-108140,JRF20190204-030019-108450
2019-02-04T03:00:19.937,785250124,SELL,369432,0.04,JRF20190204-030018-634287,JRF20190204-030019-108450
2019-02-04T03:00:19.937,785250123,SELL,369432,0.03713776,JRF20190204-030013-125216,JRF20190204-030019-108450
2019-02-04T03:00:20,785250126,SELL,369428,0.02,JRF20190204-025925-108140,JRF20190204-030019-746921
2019-02-04T03:00:20.047,785250129,SELL,369426,0.01384645,JRF20190204-025808-590718,JRF20190204-030019-388966
2019-02-04T03:00:20.047,785250128,SELL,369427,0.034,JRF20190204-030008-631678,JRF20190204-030019-388966
2019-02-04T03:00:20.047,785250127,SELL,369428,0.05215355,JRF20190204-025925-108140,JRF20190204-030019-388966
2019-02-04T03:00:20.08,785250131,SELL,369425,0.07984645,JRF20190204-030018-671768,JRF20190204-030019-640139
2019-02-04T03:00:20.08,785250130,SELL,369426,0.02015355,JRF20190204-025808-590718,JRF20190204-030019-640139
2019-02-04T03:00:20.093,785250132,BUY,369434,0.37800902000000003,JRF20190204-030019-704965,JRF20190204-030019-017237
2019-02-04T03:00:20.11,785250133,SELL,369425,0.05,JRF20190204-030018-671768,JRF20190204-030019-297423
2019-02-04T03:00:20.297,785250134,SELL,369425,0.1,JRF20190204-030018-671768,JRF20190204-030020-704966
2019-02-04T03:00:20.36,785250135,SELL,369425,0.024,JRF20190204-030018-671768,JRF20190204-030020-125268
2019-02-04T03:00:20.377,785250136,BUY,369428,0.02,JRF20190204-030020-125270,JRF20190204-030020-704969
2019-02-04T03:00:20.407,785250138,BUY,369434,0.030139,JRF20190204-030020-746928,JRF20190204-030019-017237
2019-02-04T03:00:20.407,785250137,BUY,369428,0.02,JRF20190204-030020-746928,JRF20190204-030020-704969
2019-02-04T03:00:20.483,785250140,SELL,369423,0.00384645,JRF20190204-025910-611811,JRF20190204-030020-704970
2019-02-04T03:00:20.483,785250139,SELL,369425,0.09615355,JRF20190204-030018-671768,JRF20190204-030020-704970
2019-02-04T03:00:20.61,785250145,SELL,369422,0.03284645,JRF20190204-025956-671566,JRF20190204-030020-097653
2019-02-04T03:00:20.61,785250144,SELL,369422,0.019,JRF20190204-025829-596762,JRF20190204-030020-097653
2019-02-04T03:00:20.61,785250143,SELL,369422,0.012,JRF20190204-025736-579395,JRF20190204-030020-097653
2019-02-04T03:00:20.61,785250142,SELL,369423,0.03,JRF20190204-030019-125261,JRF20190204-030020-097653
2019-02-04T03:00:20.61,785250141,SELL,369423,0.00615355,JRF20190204-025910-611811,JRF20190204-030020-097653
2019-02-04T03:00:20.78,785250146,SELL,369422,0.02,JRF20190204-025956-671566,JRF20190204-030020-671786
2019-02-04T03:00:20.89,785250147,BUY,369429,0.86,JRF20190204-030020-097656,JRF20190204-030020-321242
2019-02-04T03:00:20.907,785250151,SELL,369421,0.027846450000000002,JRF20190204-025938-321044,JRF20190204-030020-097657
2019-02-04T03:00:20.907,785250150,SELL,369421,0.01,JRF20190204-025827-596431,JRF20190204-030020-097657
2019-02-04T03:00:20.907,785250149,SELL,369422,0.015,JRF20190204-030010-746814,JRF20190204-030020-097657
2019-02-04T03:00:20.907,785250148,SELL,369422,0.04715355,JRF20190204-025956-671566,JRF20190204-030020-097657
2019-02-04T03:00:20.97,785250155,SELL,369420,0.4,JRF20190204-030017-125247,JRF20190204-030020-704971
2019-02-04T03:00:20.97,785250154,SELL,369420,0.15,JRF20190204-030011-024650,JRF20190204-030020-704971
2019-02-04T03:00:20.97,785250153,SELL,369420,0.05,JRF20190204-030009-599692,JRF20190204-030020-704971
2019-02-04T03:00:20.97,785250152,SELL,369421,0.32028573,JRF20190204-025938-321044,JRF20190204-030020-704971
2019-02-04T03:00:20.983,785250160,SELL,369419,0.00971427,JRF20190204-025953-124997,JRF20190204-030020-704971
2019-02-04T03:00:20.983,785250159,SELL,369419,0.01,JRF20190204-025953-388682,JRF20190204-030020-704971
2019-02-04T03:00:20.983,785250158,SELL,369419,0.01,JRF20190204-025953-024435,JRF20190204-030020-704971
2019-02-04T03:00:20.983,785250157,SELL,369419,0.01,JRF20190204-025953-447504,JRF20190204-030020-704971
2019-02-04T03:00:20.983,785250156,SELL,369419,0.04,JRF20190204-025726-575656,JRF20190204-030020-704971
2019-02-04T03:00:21.017,785250162,SELL,369419,0.00971427,JRF20190204-025955-671554,JRF20190204-030020-024741
2019-02-04T03:00:21.017,785250161,SELL,369419,0.00028573,JRF20190204-025953-124997,JRF20190204-030020-024741
2019-02-04T03:00:21.03,785250164,SELL,369419,0.00971427,JRF20190204-025955-599535,JRF20190204-030020-746932
2019-02-04T03:00:21.03,785250163,SELL,369419,0.00028573,JRF20190204-025955-671554,JRF20190204-030020-746932
2019-02-04T03:00:21.28,785250175,SELL,369419,0.00971427,JRF20190204-030009-125181,JRF20190204-030021-097663
2019-02-04T03:00:21.28,785250174,SELL,369419,0.01,JRF20190204-030009-024625,JRF20190204-030021-097663
2019-02-04T03:00:21.28,785250173,SELL,369419,0.01,JRF20190204-030003-024552,JRF20190204-030021-097663
2019-02-04T03:00:21.28,785250172,SELL,369419,0.01,JRF20190204-030003-125113,JRF20190204-030021-097663
2019-02-04T03:00:21.28,785250171,SELL,369419,0.01,JRF20190204-030001-125084,JRF20190204-030021-097663
2019-02-04T03:00:21.28,785250170,SELL,369419,0.01,JRF20190204-030001-125083,JRF20190204-030021-097663
2019-02-04T03:00:21.28,785250169,SELL,369419,0.01,JRF20190204-025959-388761,JRF20190204-030021-097663
2019-02-04T03:00:21.28,785250168,SELL,369419,0.01,JRF20190204-025959-024506,JRF20190204-030021-097663
2019-02-04T03:00:21.28,785250167,SELL,369419,0.01,JRF20190204-025957-024488,JRF20190204-030021-097663
2019-02-04T03:00:21.28,785250166,SELL,369419,0.01,JRF20190204-025957-447545,JRF20190204-030021-097663
2019-02-04T03:00:21.28,785250165,SELL,369419,0.00028573,JRF20190204-025955-599535,JRF20190204-030021-097663
2019-02-04T03:00:21.343,785250186,SELL,369419,0.00971427,JRF20190204-030019-447719,JRF20190204-030021-097666
2019-02-04T03:00:21.343,785250185,SELL,369419,0.01,JRF20190204-030019-447720,JRF20190204-030021-097666
2019-02-04T03:00:21.343,785250184,SELL,369419,0.01,JRF20190204-030017-671754,JRF20190204-030021-097666
2019-02-04T03:00:21.343,785250183,SELL,369419,0.01,JRF20190204-030017-599792,JRF20190204-030021-097666
2019-02-04T03:00:21.343,785250182,SELL,369419,0.01,JRF20190204-030015-599764,JRF20190204-030021-097666
2019-02-04T03:00:21.343,785250181,SELL,369419,0.01,JRF20190204-030015-746875,JRF20190204-030021-097666
2019-02-04T03:00:21.343,785250180,SELL,369419,0.01,JRF20190204-030013-671720,JRF20190204-030021-097666
2019-02-04T03:00:21.343,785250179,SELL,369419,0.01,JRF20190204-030013-297367,JRF20190204-030021-097666
2019-02-04T03:00:21.343,785250178,SELL,369419,0.01,JRF20190204-030011-599722,JRF20190204-030021-097666
2019-02-04T03:00:21.343,785250177,SELL,369419,0.01,JRF20190204-030011-297342,JRF20190204-030021-097666
2019-02-04T03:00:21.343,785250176,SELL,369419,0.00028573,JRF20190204-030009-125181,JRF20190204-030021-097666
2019-02-04T03:00:21.377,785250188,SELL,369419,0.04971427,JRF20190204-030020-296624,JRF20190204-030018-634320
2019-02-04T03:00:21.377,785250187,SELL,369419,0.00028573,JRF20190204-030019-447719,JRF20190204-030018-634320
2019-02-04T03:00:21.39,785250190,BUY,369428,0.26079263,JRF20190204-030021-388976,JRF20190204-030020-447734
2019-02-04T03:00:21.39,785250189,BUY,369427,0.03799037,JRF20190204-030021-388976,JRF20190204-030021-640150
2019-02-04T03:00:21.407,785250192,SELL,369418,0.00971427,JRF20190204-025822-295977,JRF20190204-030021-746940
2019-02-04T03:00:21.407,785250191,SELL,369419,0.01028573,JRF20190204-030020-296624,JRF20190204-030021-746940
2019-02-04T03:00:21.58,785250193,SELL,369418,0.1,JRF20190204-025822-295977,JRF20190204-030021-097667
2019-02-04T03:00:21.593,785250194,BUY,369424,0.01,JRF20190204-030021-024747,JRF20190204-030021-599831
2019-02-04T03:00:21.657,785250195,SELL,369418,0.1,JRF20190204-025822-295977,JRF20190204-030021-097670
2019-02-04T03:00:21.687,785250199,SELL,369415,0.03471427,JRF20190204-030020-097654,JRF20190204-030021-321254
2019-02-04T03:00:21.687,785250198,SELL,369416,0.1,JRF20190204-025811-745453,JRF20190204-030021-321254
2019-02-04T03:00:21.687,785250197,SELL,369418,0.075,JRF20190204-030017-108435,JRF20190204-030021-321254
2019-02-04T03:00:21.687,785250196,SELL,369418,0.29028573,JRF20190204-025822-295977,JRF20190204-030021-321254
2019-02-04T03:00:21.75,785250200,BUY,369424,0.01,JRF20190204-030021-388980,JRF20190204-030021-599831
2019-02-04T03:00:21.78,785250202,BUY,369428,0.015,JRF20190204-030021-024750,JRF20190204-030020-447734
2019-02-04T03:00:21.78,785250201,BUY,369424,0.005,JRF20190204-030021-024750,JRF20190204-030021-599831
2019-02-04T03:00:21.797,785250203,SELL,369415,0.1,JRF20190204-030020-097654,JRF20190204-030021-097676
2019-02-04T03:00:21.907,785250205,BUY,369423,0.025,JRF20190204-030021-097681,JRF20190204-030021-599833
2019-02-04T03:00:21.983,785250206,SELL,369425,0.30000000000000004,JRF20190204-030021-297441,JRF20190204-030021-125284
2019-02-04T03:00:22.187,785250209,SELL,369424,0.05,JRF20190204-030021-097681,JRF20190204-030022-097683
2019-02-04T03:00:22.187,785250208,SELL,369425,0.05,JRF20190204-030021-297441,JRF20190204-030022-097683
2019-02-04T03:00:22.267,785250210,BUY,369426,0.02,JRF20190204-030022-125287,JRF20190204-030021-640153
2019-02-04T03:00:22.407,785250214,SELL,369418,0.005,JRF20190204-030021-635653,JRF20190204-030022-097688
2019-02-04T03:00:22.407,785250213,SELL,369420,0.05,JRF20190204-030021-447742,JRF20190204-030022-097688
2019-02-04T03:00:22.407,785250212,SELL,369424,0.045,JRF20190204-030021-097681,JRF20190204-030022-097688
2019-02-04T03:00:22.453,785250216,BUY,369428,0.01200963,JRF20190204-030022-125288,JRF20190204-030020-447734
2019-02-04T03:00:22.453,785250215,BUY,369426,0.017990370000000002,JRF20190204-030022-125288,JRF20190204-030021-640153
2019-02-04T03:00:22.47,785250218,SELL,369417,0.02870941,JRF20190204-030021-640162,JRF20190204-030022-297445
2019-02-04T03:00:22.47,785250217,SELL,369418,0.005,JRF20190204-030021-635653,JRF20190204-030022-297445
2019-02-04T03:00:22.483,785250220,SELL,369416,0.0101475,JRF20190204-030021-108461,JRF20190204-030022-599837
2019-02-04T03:00:22.483,785250219,SELL,369417,0.04727133,JRF20190204-030021-640162,JRF20190204-030022-599837
2019-02-04T03:00:22.5,785250222,SELL,369415,0.00014749999999999998,JRF20190204-030020-097654,JRF20190204-030022-297446
2019-02-04T03:00:22.5,785250221,SELL,369416,0.0098525,JRF20190204-030021-108461,JRF20190204-030022-297446
2019-02-04T03:00:22.517,785250223,SELL,369415,0.01,JRF20190204-030020-097654,JRF20190204-030022-125290
2019-02-04T03:00:22.53,785250225,SELL,369415,0.01,JRF20190204-030020-097654,JRF20190204-030022-024758
2019-02-04T03:00:22.53,785250224,SELL,369415,0.01,JRF20190204-030020-097654,JRF20190204-030022-024757
2019-02-04T03:00:22.58,785250228,SELL,369413,0.01486177,JRF20190204-025925-617279,JRF20190204-030022-321268
2019-02-04T03:00:22.58,785250227,SELL,369414,0.15,JRF20190204-025930-388474,JRF20190204-030022-321268
2019-02-04T03:00:22.58,785250226,SELL,369415,0.33513823,JRF20190204-030020-097654,JRF20190204-030022-321268
2019-02-04T03:00:22.593,785250261,SELL,369408,0.13816177,JRF20190204-030016-482575,JRF20190204-030022-704988
2019-02-04T03:00:22.593,785250260,SELL,369408,0.023700000000000002,JRF20190204-025946-447446,JRF20190204-030022-704988
2019-02-04T03:00:22.593,785250259,SELL,369409,0.4,JRF20190204-030010-671691,JRF20190204-030022-704988
2019-02-04T03:00:22.593,785250258,SELL,369410,0.03,JRF20190204-030021-125281,JRF20190204-030022-704988
2019-02-04T03:00:22.593,785250257,SELL,369411,0.06,JRF20190204-025950-297127,JRF20190204-030022-704988
2019-02-04T03:00:22.593,785250256,SELL,369412,0.01,JRF20190204-030020-388971,JRF20190204-030022-704988
2019-02-04T03:00:22.593,785250255,SELL,369412,0.01,JRF20190204-030020-125272,JRF20190204-030022-704988
2019-02-04T03:00:22.593,785250254,SELL,369412,0.01,JRF20190204-030018-447711,JRF20190204-030022-704988
2019-02-04T03:00:22.593,785250253,SELL,369412,0.01,JRF20190204-030018-125254,JRF20190204-030022-704988
2019-02-04T03:00:22.593,785250252,SELL,369412,0.01,JRF20190204-030016-447698,JRF20190204-030022-704988
2019-02-04T03:00:22.593,785250251,SELL,369412,0.01,JRF20190204-030016-599778,JRF20190204-030022-704988
2019-02-04T03:00:22.593,785250250,SELL,369412,0.01,JRF20190204-030014-671729,JRF20190204-030022-704988
2019-02-04T03:00:22.593,785250249,SELL,369412,0.01,JRF20190204-030014-297373,JRF20190204-030022-704988
2019-02-04T03:00:22.593,785250248,SELL,369412,0.01,JRF20190204-030012-746848,JRF20190204-030022-704988
2019-02-04T03:00:22.593,785250247,SELL,369412,0.01,JRF20190204-030012-599732,JRF20190204-030022-704988
2019-02-04T03:00:22.593,785250246,SELL,369412,0.01,JRF20190204-030010-447655,JRF20190204-030022-704988
2019-02-04T03:00:22.593,785250245,SELL,369412,0.01,JRF20190204-030010-024635,JRF20190204-030022-704988
2019-02-04T03:00:22.593,785250244,SELL,369412,0.01,JRF20190204-030004-599637,JRF20190204-030022-704988
2019-02-04T03:00:22.593,785250243,SELL,369412,0.01,JRF20190204-030004-297272,JRF20190204-030022-704988
2019-02-04T03:00:22.593,785250242,SELL,369412,0.01,JRF20190204-030002-599613,JRF20190204-030022-704988
2019-02-04T03:00:22.593,785250241,SELL,369412,0.01,JRF20190204-030002-746744,JRF20190204-030022-704988
2019-02-04T03:00:22.593,785250240,SELL,369412,0.01,JRF20190204-030000-388776,JRF20190204-030022-704988
2019-02-04T03:00:22.593,785250239,SELL,369412,0.01,JRF20190204-030000-024521,JRF20190204-030022-704988
2019-02-04T03:00:22.593,785250238,SELL,369412,0.01,JRF20190204-025958-388751,JRF20190204-030022-704988
2019-02-04T03:00:22.593,785250237,SELL,369412,0.01,JRF20190204-025958-125048,JRF20190204-030022-704988
2019-02-04T03:00:22.593,785250236,SELL,369412,0.01,JRF20190204-025956-388730,JRF20190204-030022-704988
2019-02-04T03:00:22.593,785250235,SELL,369412,0.01,JRF20190204-025956-125028,JRF20190204-030022-704988
2019-02-04T03:00:22.593,785250234,SELL,369412,0.01,JRF20190204-025954-024446,JRF20190204-030022-704988
2019-02-04T03:00:22.593,785250233,SELL,369412,0.01,JRF20190204-025954-125005,JRF20190204-030022-704988
2019-02-04T03:00:22.593,785250232,SELL,369413,0.07,JRF20190204-030018-097640,JRF20190204-030022-704988
2019-02-04T03:00:22.593,785250231,SELL,369413,0.02,JRF20190204-030001-629265,JRF20190204-030022-704988
2019-02-04T03:00:22.593,785250230,SELL,369413,0.013000000000000001,JRF20190204-025955-627328,JRF20190204-030022-704988
2019-02-04T03:00:22.593,785250229,SELL,369413,0.00513823,JRF20190204-025925-617279,JRF20190204-030022-704988
2019-02-04T03:00:22.627,785250266,SELL,369407,0.01616177,JRF20190204-025857-608550,JRF20190204-030022-704989
2019-02-04T03:00:22.627,785250265,SELL,369407,0.012,JRF20190204-025852-607137,JRF20190204-030022-704989
2019-02-04T03:00:22.627,785250264,SELL,369407,0.04,JRF20190204-025746-584387,JRF20190204-030022-704989
2019-02-04T03:00:22.627,785250263,SELL,369408,0.03183823,JRF20190204-030016-482575,JRF20190204-030022-704989
2019-02-04T03:00:22.687,785250267,BUY,369411,0.01,JRF20190204-030022-671798,JRF20190204-030022-599838
2019-02-04T03:00:22.703,785250268,BUY,369411,0.01,JRF20190204-030022-746944,JRF20190204-030022-297447
2019-02-04T03:00:22.733,785250273,SELL,369406,0.34756177,JRF20190204-025935-482388,JRF20190204-030022-640166
2019-02-04T03:00:22.733,785250272,SELL,369407,0.1,JRF20190204-030018-297408,JRF20190204-030022-640166
2019-02-04T03:00:22.733,785250271,SELL,369407,0.012,JRF20190204-030001-629324,JRF20190204-030022-640166
2019-02-04T03:00:22.733,785250270,SELL,369407,0.015,JRF20190204-025951-626563,JRF20190204-030022-640166
2019-02-04T03:00:22.733,785250269,SELL,369407,0.02543823,JRF20190204-025857-608550,JRF20190204-030022-640166
2019-02-04T03:00:22.813,785250275,SELL,369406,0.00942959,JRF20190204-030011-632529,JRF20190204-030022-388991
2019-02-04T03:00:22.813,785250274,SELL,369406,0.00057041,JRF20190204-025935-482388,JRF20190204-030022-388991
2019-02-04T03:00:23.187,785250276,BUY,369421,0.01,JRF20190204-030022-296645,JRF20190204-030022-296644
2019-02-04T03:00:23.22,785250277,BUY,369421,0.0626592,JRF20190204-030022-296646,JRF20190204-030022-296644
2019-02-04T03:00:23.25,785250281,SELL,369406,0.11942959,JRF20190204-030011-599720,JRF20190204-030023-570325
2019-02-04T03:00:23.25,785250280,SELL,369406,0.00057041,JRF20190204-030011-632529,JRF20190204-030023-570325
2019-02-04T03:00:23.407,785250283,BUY,369421,0.05,JRF20190204-030023-108468,JRF20190204-030023-296647
2019-02-04T03:00:23.407,785250282,BUY,369421,0.0273408,JRF20190204-030023-108468,JRF20190204-030022-296644
2019-02-04T03:00:23.423,785250286,BUY,369423,0.19,JRF20190204-030023-640169,JRF20190204-030023-125304
2019-02-04T03:00:23.423,785250285,BUY,369423,0.05,JRF20190204-030023-640169,JRF20190204-030022-570322
2019-02-04T03:00:23.423,785250284,BUY,369422,0.02,JRF20190204-030023-640169,JRF20190204-030022-321270
2019-02-04T03:00:23.453,785250287,SELL,369421,0.29,JRF20190204-030023-108468,JRF20190204-030023-388994
2019-02-04T03:00:23.47,785250289,SELL,369421,0.05,JRF20190204-030023-108468,JRF20190204-030019-634344
2019-02-04T03:00:23.517,785250291,SELL,369419,0.02,JRF20190204-030023-125301,JRF20190204-030023-321272
2019-02-04T03:00:23.517,785250290,SELL,369421,0.3226592,JRF20190204-030023-108468,JRF20190204-030023-321272
2019-02-04T03:00:23.53,785250293,SELL,369411,0.05,JRF20190204-030023-097692,JRF20190204-030023-321273
2019-02-04T03:00:23.53,785250292,SELL,369412,0.05,JRF20190204-030023-599843,JRF20190204-030023-321273
2019-02-04T03:00:23.547,785250294,BUY,369418,0.03,JRF20190204-030023-297453,JRF20190204-030023-321272
2019-02-04T03:00:23.923,785250298,BUY,369413,0.056900000000000006,JRF20190204-030023-447756,JRF20190204-030023-570326
2019-02-04T03:00:23.923,785250297,BUY,369412,0.02,JRF20190204-030023-447756,JRF20190204-030023-704997
2019-02-04T03:00:23.937,785250299,BUY,369413,0.01,JRF20190204-030023-297457,JRF20190204-030023-570326
2019-02-04T03:00:24.157,785250300,SELL,369411,0.2,JRF20190204-030023-097692,JRF20190204-030024-024776
2019-02-04T03:00:24.327,785250302,SELL,369411,0.03370941,JRF20190204-030023-097692,JRF20190204-030024-599850
2019-02-04T03:00:24.343,785250303,SELL,369411,0.057418830000000004,JRF20190204-030023-097692,JRF20190204-030024-746952
2019-02-04T03:00:24.547,785250304,SELL,369411,0.01,JRF20190204-030023-097692,JRF20190204-030024-024778
2019-02-04T03:00:24.563,785250305,SELL,369411,0.01,JRF20190204-030023-097692,JRF20190204-030024-297463
2019-02-04T03:00:24.577,785250306,SELL,369411,0.2,JRF20190204-030023-097692,JRF20190204-030024-024780
2019-02-04T03:00:24.75,785250313,SELL,369405,0.07771488,JRF20190204-025926-639779,JRF20190204-030024-704999
2019-02-04T03:00:24.75,785250312,SELL,369406,0.08542299,JRF20190204-030011-599720,JRF20190204-030024-704999
2019-02-04T03:00:24.75,785250311,SELL,369408,0.19,JRF20190204-030024-389001,JRF20190204-030024-704999
2019-02-04T03:00:24.75,785250310,SELL,369408,0.03799037,JRF20190204-030023-640168,JRF20190204-030024-704999
2019-02-04T03:00:24.75,785250309,SELL,369410,0.35000000000000003,JRF20190204-030024-447761,JRF20190204-030024-704999
2019-02-04T03:00:24.75,785250308,SELL,369411,0.25887176,JRF20190204-030023-097692,JRF20190204-030024-704999
2019-02-04T03:00:24.797,785250320,SELL,369401,0.023408540000000002,JRF20190204-025902-296678,JRF20190204-030024-297465
2019-02-04T03:00:24.797,785250319,SELL,369402,0.43,JRF20190204-025756-387675,JRF20190204-030024-297465
2019-02-04T03:00:24.797,785250318,SELL,369403,0.02000634,JRF20190204-030021-125283,JRF20190204-030024-297465
2019-02-04T03:00:24.797,785250317,SELL,369403,0.042300000000000004,JRF20190204-025959-628773,JRF20190204-030024-297465
2019-02-04T03:00:24.797,785250316,SELL,369404,0.06,JRF20190204-025926-746381,JRF20190204-030024-297465
2019-02-04T03:00:24.797,785250315,SELL,369405,0.07228512000000001,JRF20190204-025926-639779,JRF20190204-030024-297465
2019-02-04T03:00:24.797,785250314,SELL,369411,0.052000000000000005,JRF20190204-030024-705000,JRF20190204-030024-297465
2019-02-04T03:00:25.03,785250323,BUY,369412,0.03697538,JRF20190204-030024-097695,JRF20190204-030024-570329
2019-02-04T03:00:25.03,785250322,BUY,369412,0.01370942,JRF20190204-030024-097695,JRF20190204-030024-447759
2019-02-04T03:00:25.297,785250325,BUY,369408,0.01,JRF20190204-030025-297467,JRF20190204-030025-599860
2019-02-04T03:00:25.343,785250326,SELL,369401,0.01,JRF20190204-025902-296678,JRF20190204-030025-125317
2019-02-04T03:00:25.907,785250331,BUY,369409,0.0164215,JRF20190204-030025-296656,JRF20190204-030025-321280
2019-02-04T03:00:25.907,785250330,BUY,369408,0.04,JRF20190204-030025-296656,JRF20190204-030025-599860
2019-02-04T03:00:26.047,785250332,SELL,369401,0.02,JRF20190204-025902-296678,JRF20190204-030025-389022
2019-02-04T03:00:26.077,785250344,SELL,369399,0.15,JRF20190204-030002-125101,JRF20190204-030025-570331
2019-02-04T03:00:26.077,785250343,SELL,369399,0.015,JRF20190204-025954-296466,JRF20190204-030025-570331
2019-02-04T03:00:26.077,785250342,SELL,369400,0.9450000000000001,JRF20190204-030016-297393,JRF20190204-030025-570331
2019-02-04T03:00:26.077,785250341,SELL,369400,0.01,JRF20190204-030002-630218,JRF20190204-030025-570331
2019-02-04T03:00:26.077,785250340,SELL,369400,0.015,JRF20190204-025844-605396,JRF20190204-030025-570331
2019-02-04T03:00:26.077,785250339,SELL,369400,0.012,JRF20190204-025843-604964,JRF20190204-030025-570331
2019-02-04T03:00:26.077,785250338,SELL,369400,0.012,JRF20190204-025837-603766,JRF20190204-030025-570331
2019-02-04T03:00:26.077,785250337,SELL,369400,0.1,JRF20190204-025827-704322,JRF20190204-030025-570331
2019-02-04T03:00:26.077,785250336,SELL,369400,0.10200000000000001,JRF20190204-025826-596253,JRF20190204-030025-570331
2019-02-04T03:00:26.077,785250335,SELL,369400,0.10200000000000001,JRF20190204-025825-595219,JRF20190204-030025-570331
2019-02-04T03:00:26.077,785250334,SELL,369401,0.06,JRF20190204-025940-024326,JRF20190204-030025-570331
2019-02-04T03:00:26.077,785250333,SELL,369401,0.14659146,JRF20190204-025902-296678,JRF20190204-030025-570331
2019-02-04T03:00:26.093,785250347,SELL,369396,0.05540854,JRF20190204-030003-447602,JRF20190204-030025-570331
2019-02-04T03:00:26.093,785250346,SELL,369396,0.025,JRF20190204-025958-628322,JRF20190204-030025-570331
2019-02-04T03:00:26.093,785250345,SELL,369397,0.05,JRF20190204-030015-746866,JRF20190204-030025-570331
2019-02-04T03:00:26.267,785250350,BUY,369411,0.0164215,JRF20190204-030026-296657,JRF20190204-030025-640172
2019-02-04T03:00:26.267,785250349,BUY,369409,0.0835785,JRF20190204-030026-296657,JRF20190204-030025-321280
2019-02-04T03:00:26.297,785250351,SELL,369400,0.08,JRF20190204-030026-108481,JRF20190204-030026-024793
2019-02-04T03:00:26.47,785250355,BUY,369412,0.01446002,JRF20190204-030026-447771,JRF20190204-030024-570329
2019-02-04T03:00:26.47,785250354,BUY,369411,0.05955924,JRF20190204-030026-447771,JRF20190204-030025-640172
2019-02-04T03:00:26.47,785250353,BUY,369407,0.07598074,JRF20190204-030026-447771,JRF20190204-030026-640176
2019-02-04T03:00:26.47,785250352,BUY,369404,0.05,JRF20190204-030026-447771,JRF20190204-030026-746970
2019-02-04T03:00:26.5,785250357,SELL,369400,0.02,JRF20190204-030026-108481,JRF20190204-030024-639152
2019-02-04T03:00:26.673,785250358,BUY,369400,0.025,JRF20190204-030026-447775,JRF20190204-030024-639152
2019-02-04T03:00:26.797,785250359,BUY,369400,0.02,JRF20190204-030026-108487,JRF20190204-030024-639152
2019-02-04T03:00:26.86,785250360,BUY,369400,0.025,JRF20190204-030026-671835,JRF20190204-030024-639152
2019-02-04T03:00:26.983,785250361,BUY,369400,0.03799037,JRF20190204-030026-640180,JRF20190204-030024-639152
2019-02-04T03:00:27.14,785250368,SELL,369392,0.03141817,JRF20190204-030017-671745,JRF20190204-030026-705004
2019-02-04T03:00:27.14,785250367,SELL,369394,0.01,JRF20190204-025939-746511,JRF20190204-030026-705004
2019-02-04T03:00:27.14,785250366,SELL,369394,0.015,JRF20190204-025749-446389,JRF20190204-030026-705004
2019-02-04T03:00:27.14,785250365,SELL,369395,0.025,JRF20190204-025917-746276,JRF20190204-030026-705004
2019-02-04T03:00:27.14,785250364,SELL,369396,0.86059146,JRF20190204-030003-447602,JRF20190204-030026-705004
2019-02-04T03:00:27.14,785250363,SELL,369397,0.02,JRF20190204-030026-108485,JRF20190204-030026-705004
2019-02-04T03:00:27.14,785250362,SELL,369398,0.03799037,JRF20190204-030026-640177,JRF20190204-030026-705004
2019-02-04T03:00:27.157,785250369,SELL,369392,0.08,JRF20190204-030017-671745,JRF20190204-030027-024803
2019-02-04T03:00:27.187,785250373,BUY,369401,0.017990370000000002,JRF20190204-030027-599877,JRF20190204-030026-024796
2019-02-04T03:00:27.187,785250372,BUY,369401,0.2,JRF20190204-030027-599877,JRF20190204-030026-599869
2019-02-04T03:00:27.187,785250371,BUY,369400,0.07200963,JRF20190204-030027-599877,JRF20190204-030024-639152
2019-02-04T03:00:27.187,785250370,BUY,369399,0.06,JRF20190204-030027-599877,JRF20190204-030027-296660
2019-02-04T03:00:27.327,785250374,BUY,369401,0.18200963,JRF20190204-030027-671839,JRF20190204-030026-024796
2019-02-04T03:00:27.343,785250380,BUY,369410,0.06,JRF20190204-030027-671839,JRF20190204-030026-108488
2019-02-04T03:00:27.343,785250379,BUY,369410,0.015,JRF20190204-030027-671839,JRF20190204-025844-605407
2019-02-04T03:00:27.343,785250378,BUY,369409,0.2,JRF20190204-030027-671839,JRF20190204-030026-599871
2019-02-04T03:00:27.343,785250377,BUY,369408,0.04,JRF20190204-030027-671839,JRF20190204-030026-108484
2019-02-04T03:00:27.343,785250376,BUY,369407,0.25,JRF20190204-030027-671839,JRF20190204-030026-640179
2019-02-04T03:00:27.343,785250375,BUY,369407,0.01,JRF20190204-030027-671839,JRF20190204-030026-639743
2019-02-04T03:00:27.39,785250390,BUY,369418,0.00619751,JRF20190204-030027-671842,JRF20190204-030023-321272
2019-02-04T03:00:27.39,785250389,BUY,369417,0.43023789,JRF20190204-030027-671842,JRF20190204-030026-746965
2019-02-04T03:00:27.39,785250388,BUY,369417,0.25,JRF20190204-030027-671842,JRF20190204-030023-108469
2019-02-04T03:00:27.39,785250387,BUY,369417,0.015,JRF20190204-030027-671842,JRF20190204-025951-626578
2019-02-04T03:00:27.39,785250386,BUY,369416,0.01,JRF20190204-030027-671842,JRF20190204-030026-108483
2019-02-04T03:00:27.39,785250385,BUY,369416,0.01,JRF20190204-030027-671842,JRF20190204-030025-296655
2019-02-04T03:00:27.39,785250384,BUY,369415,0.2,JRF20190204-030027-671842,JRF20190204-030023-024773
2019-02-04T03:00:27.39,785250383,BUY,369412,0.06,JRF20190204-030027-671842,JRF20190204-030025-482631
2019-02-04T03:00:27.39,785250382,BUY,369412,0.01,JRF20190204-030027-671842,JRF20190204-030024-570330
2019-02-04T03:00:27.39,785250381,BUY,369412,0.0085646,JRF20190204-030027-671842,JRF20190204-030024-570329
2019-02-04T03:00:27.843,785250391,BUY,369418,0.92,JRF20190204-030027-108494,JRF20190204-030023-321272
2019-02-04T03:00:28.25,785250393,BUY,369416,0.0011488,JRF20190204-030028-321292,JRF20190204-030027-640186
2019-02-04T03:00:28.25,785250392,BUY,369412,0.05,JRF20190204-030028-321292,JRF20190204-030027-321290
2019-02-04T03:00:28.313,785250395,BUY,369417,0.01712954,JRF20190204-030028-570341,JRF20190204-030027-570337
2019-02-04T03:00:28.313,785250394,BUY,369416,0.0588512,JRF20190204-030028-570341,JRF20190204-030027-640186
2019-02-04T03:00:28.61,785250396,BUY,369417,0.01,JRF20190204-030028-296666,JRF20190204-030027-570337
2019-02-04T03:00:28.843,785250398,SELL,369402,0.005216999999999999,JRF20190204-030028-297505,JRF20190204-030028-297509
2019-02-04T03:00:28.843,785250397,SELL,369402,0.017980000000000003,JRF20190204-030027-024816,JRF20190204-030028-297509
2019-02-04T03:00:28.873,785250399,BUY,369407,0.05,JRF20190204-030028-599892,JRF20190204-030028-671860
2019-02-04T03:00:28.97,785250400,BUY,369407,0.0554608,JRF20190204-030028-296668,JRF20190204-030028-671860
2019-02-04T03:00:29,785250403,SELL,369401,0.64,JRF20190204-030027-097702,JRF20190204-030028-097708
2019-02-04T03:00:29,785250402,SELL,369402,0.063,JRF20190204-030028-108498,JRF20190204-030028-097708
2019-02-04T03:00:29,785250401,SELL,369402,0.19478299999999998,JRF20190204-030028-297505,JRF20190204-030028-097708
2019-02-04T03:00:29.017,785250433,SELL,369377,1.20685443,JRF20190204-030027-024815,JRF20190204-030028-097708
2019-02-04T03:00:29.017,785250432,SELL,369378,0.15,JRF20190204-025926-108162,JRF20190204-030028-097708
2019-02-04T03:00:29.017,785250431,SELL,369379,0.06,JRF20190204-030027-296663,JRF20190204-030028-097708
2019-02-04T03:00:29.017,785250430,SELL,369379,0.22,JRF20190204-030027-671851,JRF20190204-030028-097708
2019-02-04T03:00:29.017,785250429,SELL,369382,0.45,JRF20190204-030028-570343,JRF20190204-030028-097708
2019-02-04T03:00:29.017,785250428,SELL,369382,0.0363,JRF20190204-025746-584488,JRF20190204-030028-097708
2019-02-04T03:00:29.017,785250427,SELL,369383,0.01,JRF20190204-030028-296667,JRF20190204-030028-097708
2019-02-04T03:00:29.017,785250426,SELL,369383,0.04,JRF20190204-030028-640189,JRF20190204-030028-097708
2019-02-04T03:00:29.017,785250425,SELL,369383,0.12,JRF20190204-030027-097704,JRF20190204-030028-097708
2019-02-04T03:00:29.017,785250424,SELL,369383,0.12,JRF20190204-030027-570340,JRF20190204-030028-097708
2019-02-04T03:00:29.017,785250423,SELL,369383,0.12,JRF20190204-030027-570338,JRF20190204-030028-097708
2019-02-04T03:00:29.017,785250422,SELL,369383,0.01,JRF20190204-025941-124871,JRF20190204-030028-097708
2019-02-04T03:00:29.017,785250421,SELL,369383,0.015,JRF20190204-025800-387709,JRF20190204-030028-097708
2019-02-04T03:00:29.017,785250420,SELL,369383,0.019,JRF20190204-025745-584319,JRF20190204-030028-097708
2019-02-04T03:00:29.017,785250419,SELL,369385,0.15,JRF20190204-030007-746791,JRF20190204-030028-097708
2019-02-04T03:00:29.017,785250418,SELL,369385,0.08,JRF20190204-030005-746774,JRF20190204-030028-097708
2019-02-04T03:00:29.017,785250417,SELL,369390,0.15,JRF20190204-025935-296992,JRF20190204-030028-097708
